2528 3444
162 207 202 239 VI
1211 205 1374 237 Praefatio

162 313 344 353 dignarum.
381 312 505 344 Deinde
530 313 582 344 die
603 313 639 344 15
657 312 731 344 Maii
753 313 830 344 1591
852 312 1027 352 Gregorius
1045 312 1108 343 ΡΡ.
1126 311 1197 343 XIV
1215 311 1305 342 dedit
1329 320 1430 342 novas
1454 310 1690 342 instructiones
1714 310 1756 341 ad
1780 319 1956 351 processus
1981 309 2205 341 conficiendos
2229 310 2262 341 et
2285 309 2430 341 decrevit

162 367 198 397 ut
221 376 281 406 pro
306 365 454 406 partibus
471 365 577 397 Roma
601 365 799 397 distantibus
823 365 993 406 delegatus
1009 365 1060 396 vel
1085 364 1221 396 nuntius
1238 363 1438 405 apostolicus
1454 363 1543 395 illius
1559 363 1672 404 partis,
1698 363 1755 394 ubi
1774 372 1946 404 processus
1963 363 2095 394 formari
2113 362 2289 402 debebant,
2314 362 2430 394 huius-

162 418 248 450 modi
282 418 492 459 processibus
525 420 727 458 praeessent,
761 419 794 449 et
826 428 1002 458 processus
1033 417 1099 449 iam
1129 417 1277 458 expletos
1308 416 1449 449 Romam
1479 417 1631 448 mitteret.
1685 416 1770 448 Cum
1799 425 1973 457 processus
2004 415 2221 447 nihilominus
2253 425 2319 447 non
2350 415 2439 447 satis⁴

161 471 302 503 fideliler
325 472 609 510 conservarentur,
636 471 788 503 Urbanus
813 471 875 502 ΡΡ.
895 471 967 502 VIII
993 470 1045 502 die
1072 471 1111 502 15
1135 470 1211 501 Dec.
1240 469 1323 501 1625
1347 468 1574 501 ordinationes
1598 479 1729 501 severas
1753 469 1928 507 emanavit,
1954 470 1990 500 ut
2014 468 2060 500 illi
2083 468 2317 509 colligerentur
2340 471 2373 500 et
2396 468 2430 499 in

161 524 336 556 Tabulario
361 523 632 564 congregationis
656 523 903 555 Consistorialis
932 523 1071 555 fideliter
1095 523 1380 554 conservarentur.
1427 522 1553 553 Deinde
1583 531 1670 553 auno
1697 522 1778 554 1627
1808 521 1894 553 idem
1919 521 2076 552 Summus
2102 521 2253 553 Pontifex
2276 520 2430 561 vpromul-

160 577 249 618 gavit
272 576 540 608 constitutionem
565 576 796 616 „Processus“,
821 577 856 607 in
879 586 946 617 quo
970 576 1080 608 omnia
1103 576 1144 607 de
1168 575 1377 616 processibus
1401 574 1685 607 consistorialibus
1707 584 1814 616 usque
1831 574 1938 606 adhuc
1955 574 2079 606 statuta
2095 573 2230 605 suerunt
2245 573 2430 613 emendata,

161 631 193 661 et
217 630 250 661 in
274 631 444 670 posterum
469 629 546 660 dicti
571 638 745 670 processus
768 628 860 661 iuxta
883 629 943 660 has
967 629 1095 669 regulas
1120 629 1206 660 clare
1230 627 1384 660 definitas
1408 627 1538 660 formati
1563 629 1651 659 sunt.

319 682 515 713 Huiusmodi
539 691 714 723 processus
738 681 837 713 hodie
860 681 1031 722 asservati,
1054 681 1111 722 qui
1131 681 1194 713 253
1218 682 1327 713 tomos
1343 681 1639 721 comprehendunt,
1663 681 1706 712 ab
1723 690 1810 713 anno
1830 680 1911 712 1591
1931 679 2104 721 incipiunt,
2129 680 2266 720 excepto
2283 681 2374 711 tomo
2391 679 2430 719 X,

160 736 217 776 qui
233 734 422 776 ,nonnullos
446 744 621 775 processus
645 735 687 766 ad
711 744 815 766 annos
843 734 1059 766 1564—1595
1083 734 1288 775 pertinentes
1313 734 1468 765 continet.
1515 734 1641 765 Tamen
1670 743 1777 775 usque
1801 733 1844 765 ad
1868 742 1992 765 annum
2021 733 2103 765 1625
2126 732 2279 764 nonnulli
2303 742 2343 764 ex
2365 731 2431 764 illis

160 787 326 819 deficiunt.
374 787 500 819 Deinde
523 787 566 819 ab
590 796 676 819 anno
704 788 787 819 1625
812 787 1005 828 regulariter
1029 786 1185 819 custoditi
1209 787 1432 818 inveniuntur.

318 841 365 872 De
392 840 503 872 valore
530 839 686 872 historico
713 840 852 872 istorum
887 849 1103 881 processuum
1136 840 1217 881 quid
1253 839 1452 872 dicendum?
1505 839 1672 871 Nonnulla
1706 839 1740 870 in
1772 838 1837 871 illis
1869 838 2084 870 inveniuntur
2116 838 2326 877 documenta,
2361 838 2431 870 sive

160 893 331 934 originalia
358 892 426 924 sive
455 893 656 934 exemplaria
679 893 879 933 authentica,
907 903 993 934 quae
1017 893 1058 924 de
1082 892 1314 934 promovendis
1338 892 1471 924 notitias
1495 892 1604 933 magni
1628 892 1786 924 momenti
1811 893 1968 930 referunt,
1997 902 2025 923 e.
2051 902 2079 934 g.
2105 891 2187 923 fides
2211 891 2431 938 baptismatis

160 946 385 979 testimonium
409 946 449 977 de
474 946 649 985 natalibus,
674 946 801 978 litterae
824 947 976 987 patentes
1002 946 1042 978 de
1067 945 1238 977 ordinibus
1262 945 1365 978 sacris
1389 945 1562 986 susceptis,
1585 945 1846 977 instrumentum
1869 944 2039 976 electionis
2062 954 2081 975 a
2105 944 2263 985 capitulo,
2287 943 2345 975 ubi
2369 944 2431 977 hoc

159 1000 210 1031 ius
238 999 380 1040 vigebat,
410 999 591 1031 nominatio
621 1010 640 1031 a
668 1009 743 1039 rege
771 1000 831 1031 etc.
868 999 966 1031 Valor
989 999 1128 1030 istorum
1152 999 1428 1030 documentorum
1451 998 1531 1031 satis
1555 998 1641 1031 clare
1665 999 1814 1040 apparet.
1862 998 2020 1036 Quaestio
2045 999 2096 1030 est
2121 998 2161 1029 de
2184 997 2296 1029 valore
2321 1006 2431 1030 rerum

160 1062 200 1084 ex
223 1052 411 1084 testimonio
435 1052 573 1084 aliorum
597 1052 856 1093 desumptarum.

318 1105 450 1136 Certum
485 1106 534 1136 est
569 1105 708 1136 inveniri
742 1105 776 1136 in
811 1105 1020 1146 processibus
1053 1105 1253 1144 testimonia,
1289 1114 1374 1145 quae
1407 1114 1481 1136 cum
1512 1104 1650 1136 veritate
1684 1114 1794 1136 rerum
1826 1114 1962 1145 prorsus
1998 1114 2062 1136 non
2098 1105 2309 1136 concordant.
2360 1104 2431 1136 Imo

160 1158 338 1199 aliquando
364 1157 482 1189 accidit
507 1159 552 1196 ut,
578 1158 708 1198 cognita
731 1157 873 1190 falsitate
897 1158 1068 1189 cuiusdam
1093 1167 1266 1199 processus
1291 1158 1356 1190 iam
1380 1158 1511 1198 expleti,
1535 1157 1760 1190 necessarium
1783 1157 1882 1189 suerit
1903 1152 2007 1190 ‘alium
2030 1167 2223 1198 processum
2249 1158 2290 1189 de
2313 1157 2431 1190 eodem

160 1210 386 1251 promovendo
415 1210 467 1242 vel
498 1210 538 1242 de
569 1212 657 1242 statu
689 1210 836 1242 eiusdem
868 1210 1029 1242 dioecesis
1059 1210 1242 1242 instituere.
1290 1210 1367 1243 Ideo
1395 1211 1429 1242 in
1460 1210 1580 1243 iudicio
1610 1211 1746 1242 serendo
1776 1211 1818 1242 de
1844 1210 2034 1242 testimonio
2063 1211 2202 1242 aliorum
2230 1210 2266 1242 in
2293 1209 2432 1251 singulis

159 1263 367 1304 processibus
396 1262 545 1304 deposito
574 1273 707 1295 necesse
736 1265 785 1294 est
808 1263 887 1295 artis
911 1263 1043 1295 criticae
1067 1263 1189 1303 regulis
1213 1263 1269 1295 uti.
1317 1263 1432 1303 Neque
1456 1263 1590 1295 difficile
1615 1265 1665 1295 est
1690 1263 1752 1294 hoc
1776 1273 1932 1304 peragere
1955 1273 2031 1295 cum
2055 1263 2096 1295 de
2120 1269 2324 1304 unoquoque
2346 1264 2431 1296 teste

161 1318 275 1348 vocato
305 1315 415 1347 omnia
445 1315 631 1347 necessaria
661 1316 859 1348 habeantur:
893 1326 1025 1354 nomen,
1057 1317 1157 1355 aetas,
1190 1316 1281 1347 locus
1312 1316 1521 1355 residentiae,
1553 1318 1665 1348 utrum
1695 1317 1738 1348 sit
1769 1316 1994 1357 promovendo
2025 1316 2134 1348 affinis
2167 1317 2217 1348 vel
2245 1316 2381 1356 amicus,
2412 1325 2433 1348 a

159 1378 304 1410 quonam
332 1370 480 1409 tempore
509 1368 601 1400 illum
629 1370 806 1408 cognoscat
834 1370 893 1400 etc.
941 1369 1098 1401 Similiter
1126 1369 1167 1400 ad
1197 1369 1326 1410 singula
1355 1379 1514 1410 responsa
1542 1369 1578 1401 fit
1605 1369 1822 1410 interrogatio
1850 1369 2016 1410 quomodo
2046 1369 2108 1401 hoc
2136 1369 2292 1410 deponat,
2321 1378 2364 1401 an
2391 1379 2441 1402 exr

160 1422 297 1454 scientia
327 1421 463 1462 propria
492 1422 543 1453 vel
572 1431 610 1453 ex
639 1422 754 1453 auditu
783 1423 843 1454 etc.
892 1422 952 1453 His
980 1422 1174 1463 praemissis
1202 1431 1269 1453 non
1297 1423 1347 1453 est
1375 1423 1545 1462 negandus
1574 1423 1665 1455 valor
1694 1422 1868 1454 historicus
1896 1431 2114 1463 processuum
2143 1421 2430 1455 consistorialium.

318 1474 498 1516 Incipiente
522 1484 609 1506 anno
630 1475 711 1506 1622
736 1475 835 1507 8113111
852 1475 984 1507 Dataria
1000 1475 1192 1516 Apostolica
1215 1475 1360 1507 instituit
1382 1485 1556 1516 processus
1580 1475 1786 1516 inquisitivos
1811 1475 1851 1507 de
1875 1475 2110 1516 promovendis
2134 1475 2176 1507 ad
2192 1474 2430 1517 episcopatum.

160 1527 359 1559 Huiusmodi
387 1537 560 1568 processus
589 1537 694 1568 usque
723 1528 765 1559 ad
793 1528 892 1560 finem
921 1529 1044 1560 saeculi
1068 1528 1142 1559 XIX
1170 1528 1380 1569 perveniunt,
1409 1529 1468 1560 sed
1497 1529 1610 1561 maiori
1634 1539 1672 1560 ex
1697 1531 1792 1570 parte
1818 1538 1883 1561 non
1908 1528 2048 1560 multum
2072 1538 2092 1560 a
2115 1528 2328 1572 processibus
2353 1537 2432 1560 con-

159 1581 378 1613 sistorialibus
406 1580 572 1620 differunt,
601 1582 634 1612 et
657 1581 755 1613 modo
779 1581 919 1613 breviori
943 1581 1083 1613 consecti
1108 1582 1195 1612 sunt.
1243 1581 1391 1613 Tandem
1415 1582 1593 1623 aliquando
1618 1582 1786 1614 invenitur
1810 1591 1986 1622 processus
2012 1582 2165 1613 Datariae
2189 1582 2341 1623 expletus
2363 1590 2432 1613 non

159 1644 238 1666 vero
261 1634 315 1666 ille
339 1633 587 1672 consistorialis,
611 1635 644 1665 et
667 1634 730 1665 hoc
753 1633 948 1675 praesertim
972 1634 1088 1666 accidit
1112 1643 1172 1674 pro
1196 1634 1430 1675 promovendis
1455 1636 1495 1667 ad
1521 1635 1676 1667 ecclesias
1699 1635 1860 1674 titulares,
1885 1635 1942 1675 qui
1968 1635 2095 1666 Romae
2118 1634 2319 1667 residebant.

318 1687 356 1718 In
380 1687 468 1725 dicto
485 1687 662 1718 Tabulario
687 1687 956 1728 Congregationis
981 1687 1226 1719 Consistorialis
1250 1687 1415 1719 habentur
1438 1688 1538 1720 etiam
1562 1688 1645 1720 Acta
1669 1687 1942 1728 Congregationis
1967 1687 2225 1727 Consistorialis,
2250 1688 2285 1720 in
2308 1688 2432 1729 quibus

162 1740 371 1781 reperiuntur
394 1749 447 1771 res
471 1740 513 1771 ab
537 1740 725 1771 huiusmodi
741 1740 1002 1781 Congregatione
1027 1742 1188 1772 tractatae
1211 1740 1252 1771 de
1277 1740 1439 1782 episcopis
1455 1742 1489 1773 et
1505 1741 1681 1773 abbatibus
1698 1741 1983 1773 consistorialibus
2000 1740 2235 1782 promovendis
2254 1742 2433 1782 antequam

161 1793 195 1824 in
224 1793 418 1825 consistorio
446 1793 749 1835 proponerentur.¹)
797 1794 844 1825 De
873 1793 1063 1825 huiusmodi
1092 1793 1172 1824 actis
1201 1793 1367 1825 habentur
1396 1795 1460 1826 205
1483 1794 1570 1831 voll.,
1598 1804 1684 1834 quae
1712 1794 1886 1835 periodum
1915 1794 2131 1826 1592-1806
2156 1793 2432 1834 complectuntur.

162 1846 287 1878 Tamen
311 1848 394 1885 acta,
416 1855 502 1887 quae
526 1846 568 1877 ad
590 1846 763 1886 periodum
788 1848 864 1878 ante
888 1856 1011 1878 annum
1040 1847 1120 1878 1627
1146 1846 1324 1886 pertinent,
1348 1846 1416 1878 fere
1438 1847 1584 1879 totaliter
1607 1847 1737 1887 perdita
1760 1848 1847 1886 sunt,
1873 1848 1905 1878 et
1928 1856 1990 1888 pro
2013 1848 2083 1879 tota
2100 1847 2237 1888 periodo
2260 1856 2366 1888 usque
2390 1846 2434 1879 ad

162 1909 286 1930 annum
318 1899 400 1931 1650
429 1899 558 1930 tanturn
591 1899 630 1930 10
656 1899 731 1930 voll.
761 1900 949 1939 supersunt.
997 1899 1076 1931 Post
1108 1908 1232 1931 annum
1263 1909 1340 1931 vero
1367 1900 1446 1932 1651
1474 1900 1556 1932 53115
1581 1900 1774 1941 regulariter
1796 1901 1993 1941 sequuntur,
2021 1900 2067 1932 ita
2091 1901 2128 1932 ut
2151 1909 2255 1932 unum
2278 1901 2330 1932 vel
2354 1899 2433 1941 duo,

162 1952 226 1984 imo
250 1954 283 1984 et
305 1952 376 1991 tria,
399 1952 474 1984 voll.
500 1953 674 1992 habentur,
698 1961 783 1992 quae
807 1962 860 1984 res
884 1952 925 1984 ad
952 1952 1094 1984 eundem
1118 1961 1242 1984 annum
1267 1952 1471 1993 pertinentes
1495 1953 1674 1985 continent.

321 2004 577 2045 Praeparatione
598 2005 697 2037 huius
718 2005 798 2037 tomi
814 2005 956 2046 incepta,
981 2005 1059 2037 mihi
1076 2005 1209 2037 obvium
1226 2005 1287 2037 fuit
1303 2006 1480 2038 electiones
1496 2016 1555 2038 seu
1572 2006 1778 2047 provisiones
1794 2005 2030 2038 nonnullorum
2048 2005 2282 2046 episcoporum
2298 2015 2338 2037 ex
2353 2005 2434 2047 ipsis

163 2059 243 2090 actis
260 2058 542 2090 consistorialibus
559 2059 685 2090 deesse.
711 2058 793 2090 Cum
809 2059 890 2090 satis
907 2058 1096 2099 frequenter
1113 2059 1175 2091 hoc
1191 2059 1364 2097 evenisset,
1380 2050 1448 2091 non
1465 2061 1595 2100 poterat
1611 2059 1830 2100 negligentiae
1847 2069 1905 2091 seu
1923 2058 2026 2090 errori
2039 2058 2207 2099 scriptoris
2224 2054 2360 2091 attribui
2373 2058 2435 2091 sed1

162 2111 273 2152 potius
289 2111 500 2152 cogitandum
518 2110 580 2142 suit
594 2111 634 2143 de
651 2111 715 2143 alio
732 2112 831 2143 modo
848 2121 934 2143 novo
952 2113 985 2143 et
1000 2111 1260 2143 extraordinario
1276 2112 1471 2153 providendi
1488 2112 1645 2144 ecclesiis.
1675 2112 1757 2144 Cum
1775 2112 1864 2152 apud
1881 2111 1938 2143 AC
1957 2113 1993 2143 16
2011 2112 2031 2144 f.
2050 2111 2114 2143 205
2132 2120 2288 2152 expresse
2304 2111 2434 2144 dIcatur

166 2163 237 2203 „die
257 2164 296 2196 10
309 2163 399 2204 Sept.
417 2164 498 2195 1627
516 2164 737 2204 provisionem
753 2164 910 2196 ecclcsiae
928 2164 1059 2196 Curien.
1077 2165 1118 2196 de
1135 2174 1277 2206 persona
1294 2165 1426 2206 Iosephi
1438 2165 1534 2197 Mohr
1549 2175 1608 2207 per
1624 2166 1723 2197 breve
1740 2165 1960 2206 apostolicum
1977 2158 2247 2203 faetam'fuisse“,
2263 2165 2297 2196 et
2313 2163 2433 2196 iterum

164 2217 251 2257 apud
276 2216 332 2248 AC
349 2218 387 2248 21
407 2216 428 2248 s.
449 2217 509 2248 153
533 2226 647 2248 mense
663 2217 769 2258 Aprili
787 2217 869 2250 1667
894 2217 1091 2257 inveniatur,
1119 2219 1267 2257 „attenta
1291 2218 1461 2250 Pontifieis
1484 2218 1674 2250 infirmitate
1699 2218 1874 2259 expeditae
1898 2217 2033 2249 suerunt
2056 2226 2116 2258 per
2138 2218 2280 2249 secretas
2305 2216 2433 2249 litteras

164 2270 197 2300 in
227 2269 329 2301 forma
354 2269 510 2301 Brevium
534 2270 712 2302 nonnullae
736 2270 893 2302 ecclesiae
916 2270 951 2302 in
975 2270 1125 2311 partibus
1150 2270 1334 2302 infidelium
1357 2271 1546 2311 existentes,
1574 2271 1727 2303 videlicet
1750 2271 1992 2312 patriarchatus
2017 2269 2374 2311 Constantinopolitan.
2400 2271 2434 2302 et

164 2322 369 2361 Antiochen,
397 2322 612 2360 Athenarum,
637 2323 783 2362 Tarsen.‚
812 2323 982 2363 Cyrenen,
1007 2323 1207 2364 Sidonien.,“
1241 2324 1321 2356 satis
1349 2324 1437 2356 clare
1465 2325 1621 2366 apparuit
1644 2324 1834 2356 huiusmodi
1858 2333 1981 2355 novum
2005 2323 2142 2355 modum
2166 2332 2239 2354 esse
2262 2332 2322 2364 per
2345 2322 2436 2355 viam

164 2376 274 2407 brevis
298 2375 481 2416 apostolici.
521 2375 604 2407 Cum
619 2376 834 2408 Tabularium
858 2376 1099 2408 Secretariatus
1123 2376 1235 2416 (hodie
1251 2377 1490 2418 Cancellariae)
1514 2377 1680 2414 Brevium,
1706 2377 1783 2409 licet
1805 2378 1839 2409 in
1855 2376 2033 2408 Tabulario
2050 2375 2209 2408 Vaticano
2233 2375 2433 2417 depositum,

165 2428 353 2461 auctoritati
369 2428 589 2460 Can‘cellariae
606 2428 760 2461 Brevium
777 2430 885 2461 adhuc
901 2429 1079 2469 subiaceat,
1096 2430 1348 2470 permissionem
1364 2430 1446 2462 illud
1462 2431 1691 2471 perscrutandi
1710 2441 1728 2462 a
1746 2431 1888 2462 Rev.mo
1904 2428 2108 2461 Cancellario
2121 2428 2276 2461 Brevium
2291 2428 2432 2461 obtinui.

323 2481 387 2513 Pro
415 2482 523 2513 tractu
545 2481 714 2523 temporis,
742 2492 842 2522 quem
865 2482 919 2514 hic
942 2484 1050 2514 tomus
1074 2482 1293 2523 amplectitur,
1317 2483 1483 2515 habentur
1505 2483 1540 2515 in
1564 2483 1652 2516 dicto
1677 2483 1856 2516 Tabulario
1879 2482 1955 2523 plus
1979 2491 2077 2522 quam
2107 2482 2190 2514 1100
2214 2481 2290 2515 voll.
2315 2491 2433 2514 manu-

166 2534 361 2574 scriptorum
388 2533 470 2565 satis
498 2543 616 2574 magna
644 2537 687 2574 et,
717 2535 792 2567 licet
819 2535 935 2566 maiori
964 2545 1003 2566 ex
1031 2536 1125 2575 parte
1154 2535 1266 2567 brevia
1294 2536 1476 2577 apostolica
1503 2538 1774 2578 complectantur,
1803 2536 1925 2568 adsunt
1953 2536 2065 2567 tamen
2095 2534 2194 2566 etiam
2222 2531 2339 2567 multa¹
2355 2534 2432 2567 voll.

166 2586 330 2618 bullarum
358 2588 390 2618 et
414 2587 604 2619 cedularum
632 2588 906 2620 consistorialium
935 2598 995 2629 pro
1024 2588 1191 2629 episcopis
1221 2588 1431 2621 ecclesiarum
1456 2599 1516 2630 per
1539 2589 1626 2621 viam
1649 2589 1759 2621 brevis
1783 2588 2024 2629 expeditarum.
2071 2587 2150 2619 Ideo
2174 2596 2295 2619 munus
2318 2587 2439 2620 huius-

167 2640 254 2672 modi
272 2640 447 2680 ‚materiam
471 2640 668 2680 inspiciendi
690 2641 771 2672 eatis
795 2641 914 2672 durum
937 2641 1007 2672 fuit.

160 2693 163 2696 '
326 2692 512 2724 Necessitas
536 2692 633 2724 huius
657 2693 757 2725 fontis
781 2694 868 2725 clare
892 2695 1040 2735 apparet,
1065 2693 1092 2725 si
1115 2694 1297 2726 recolamus
1321 2694 1411 2734 quod
1433 2694 1467 2725 in
1482 2695 1547 2727 isto
1562 2696 1652 2726 tomo
1668 2704 1729 2735 per
1744 2694 1831 2726 viam
1847 2694 1956 2726 brevis
1973 2693 2145 2734 apostolici
2161 2693 2376 2725 inveniuntur
2390 2693 2437 2726 58

167 2745 409 2777 nominationes
426 2755 484 2776 seu
502 2746 707 2786 provisiones
724 2746 955 2787 episcoporum
970 2747 1150 2787 (incipiunt
1166 2746 1230 2778 iam
1247 2756 1335 2778 anno
1352 2747 1431 2778 1611
1447 2757 1522 2779 cum
1538 2747 1675 2779 ecclesia
1691 2747 1878 2788 Cyrenen),
1895 2756 1981 2787 quae
1997 2747 2031 2778 in
2049 2746 2129 2778 actis
2147 2747 2437 2779 consistorialibus

168 2798 297 2836 desunt,
325 2799 358 2829 et
386 2798 425 2829 31
456 2808 515 2839 per
538 2798 623 2830 viam
652 2799 761 2830 bullae
788 2799 821 2831 in
845 2799 908 2830 hoc
931 2799 1109 2831 Tabulario
1133 2801 1355 2839 conservatae,
1384 2809 1469 2840 quae
1497 2800 1575 2832 alibi
1599 2800 1731 2840 desunt,
1759 2799 1811 2831 vel
1835 2799 1862 2831 si
1885 2799 1964 2831 alibi
1987 2799 2214 2839 inveniuntur,
2242 2800 2341 2832 modo
2365 2809 2435 2832 non

168 2851 320 2882 accurato
343 2850 539 2883 referuntur.

329 2954 356 3006 ¹5
368 2970 410 2998 De
428 2971 490 2998 istis
510 2971 590 2999 Actis
609 2973 637 2999 ot
656 2971 689 2999 de
702 2972 927 3007 congregatione
940 2972 1135 3001 Consistoriali
1149 2972 1183 3000 cf.
1197 2973 1275 2999 dadin
1289 2972 1326 3005 L.,
1347 2972 1399 3001 Les
1413 2973 1499 3000 Actes
1511 2972 1545 3000 de
1558 2972 1587 3000 la
1599 2972 1811 3008 Congregation
1824 2971 2025 3000 consistoriale
2039 2973 2211 3001 concernaut
2224 2972 2264 3001 les
2278 2973 2436 3010 Pays-Bas,

169 3015 197 3043 la
216 3014 393 3051 principante
412 3014 445 3042 de
466 3015 549 3050 hiegc
569 3017 597 3043 et
616 3015 643 3043 la
663 3015 900 3044 Franche-Comtc
920 3017 1104 3050 1593—1797‚
1123 3016 1209 3045 Rome
1229 3017 1298 3043 1935
1318 3016 1487 3051 (extractum
1506 3016 1540 3044 de
1559 3016 1686 3044 Bulletin
1705 3016 1739 3044 de
1758 3016 1897 3044 l'Institut
1916 3015 2074 3052 historique
2093 3016 2175 3052 belge
2194 3016 2228 3045 de
2248 3017 2335 3046 Rome
2347 3016 2436 3053 XVI).
