2528 3444
1054 431 1409 497 Praefatio.

250 571 302 604 Ob
326 572 516 611 provectam
540 571 684 602 aetatem
708 569 962 610 praeclarissimi
987 569 1131 602 Conradi
1156 570 1272 609 Eubel,
1297 569 1335 601 Ο.
1353 570 1394 601 Μ.
1412 569 1526 609 Conv.,
1555 569 1612 610 qui
1637 569 1757 600 deinde
1782 569 1931 599 mortuus
1955 569 2005 599 est
2029 569 2064 609 (†
2088 569 2107 599 2
2131 567 2226 599 Febr.
2256 567 2366 608 1923),

88 634 228 658 necesse
252 624 313 656 fuit
336 625 373 655 ut
396 624 482 656 alius
506 633 591 664 opus
618 622 831 661 „Hierarchia
847 622 1018 654 Catholica
1042 623 1141 655 medii
1165 625 1199 655 et
1222 622 1414 654 recentioris
1431 622 1521 654 aevi“
1548 621 1767 654 continuaret.
1808 621 1952 653 Proinde
1976 630 2063 653 anno
2082 621 2168 652 1924
2189 620 2247 660 Dr.
2266 619 2366 660 Sigis-

92 679 236 711 mundus
252 677 390 717 Brettle,
414 677 453 709 O.
470 676 512 708 M.
530 676 644 715 Conv.,
668 675 731 708 hoc
754 685 876 707 munus
901 675 1092 716 assumpsit,
1116 676 1173 716 qui
1197 677 1324 717 postea,
1348 675 1585 716 impedimento
1602 675 1737 716 physico
1757 675 2044 715 supereveniente,
2068 674 2202 705 coactus
2219 674 2270 704 est
2284 672 2366 704 illud

92 731 281 773 relinquere
339 730 518 770 Superiore
542 739 617 761 meo
641 730 819 766 annuente,
844 738 931 760 anno
960 729 1043 761 1930
1067 729 1207 761 Romam
1231 729 1303 769 ipse
1326 728 1401 760 veni
1424 730 1461 759 ut
1484 728 1571 760 vires
1596 737 1686 760 meas
1709 728 1786 761 huic
1810 727 1902 768 operi
1925 736 2092 759 navarem.

251 783 324 815 Hoc
347 792 469 814 munus
493 781 701 823 aggrediens
725 780 836 813 inx‘eni
853 781 977 813 Brettle
1002 791 1086 822 opus
1110 782 1151 813 de
1168 781 1353 813 hierarchia
1370 782 1500 813 diverso
1524 783 1556 813 et
1572 781 1724 822 ampliori
1741 781 1840 812 modo
1856 780 2011 821 persequi
2027 779 2196 820 cogitasse.
2236 779 2366 811 Solum-

92 838 191 871 modo
216 836 339 869 ultimis
363 836 534 868 mensibus
558 834 610 867 sui
635 834 756 867 laboris
780 834 924 875 priorem
948 835 1142 867 methodum
1166 835 1207 866 ab
1232 835 1337 866 Eubel
1362 836 1510 866 secutam
1533 834 1726 866 continuare
1748 834 1782 865 in
1807 835 1917 865 mente
1940 833 2065 865 habuit.

252 890 314 921 His
337 890 371 921 in
395 889 495 921 rebus
520 889 732 929 expertorum
752 888 899 919 unanimi
916 890 992 920 voto
1009 888 1131 928 audito,
1156 888 1269 919 censui
1286 888 1480 920 methodum
1497 888 1538 919 ab
1556 888 1660 919 Eubel
1677 887 1843 928 inceptam
1861 886 2124 927 persequendam
2140 895 2223 926 esse,
2247 885 2367 917 additis

94 944 210 985 utique
234 942 394 975 addendis
419 943 451 974 et
474 942 611 973 mutatis
634 940 803 972 mutandis
827 941 918 972 iuxta
941 941 1082 972 fontium
1106 942 1138 972 et
1162 940 1487 972 circumstantiarum
1503 940 1710 981 exigentiam.
1747 940 1837 977 Ideo,
1862 939 1938 970 licet
1954 938 2080 971 Brettle
2103 939 2240 970 strenuo
2255 938 2368 970 labore

92 1007 129 1030 se
157 997 375 1035 exhausisset,
403 995 466 1027 hoc
494 996 649 1035 quartum
679 994 834 1026 volumen
864 994 973 1026 denuo
1003 994 1148 1035 incipere
1177 994 1287 1025 debui.
1334 993 1473 1033 Tamen,
1498 994 1584 1025 inter
1613 993 1842 1033 manuscripta
1869 1003 1888 1024 a
1912 992 2037 1024 Brettle
2061 991 2210 1023 confecta
2233 993 2266 1023 et
2288 991 2368 1023 mihi

94 1050 208 1082 relicta
238 1049 348 1081 inveni
381 1048 559 1080 nonnullas
590 1057 653 1087 res,
687 1056 773 1087 quae
805 1048 904 1078 istum
936 1049 1062 1078 tomum
1093 1048 1216 1079 directe
1247 1047 1439 1088 respiciunt,
1471 1048 1503 1078 et
1531 1047 1653 1088 quibus
1683 1046 1803 1078 deinde
1834 1056 1915 1078 usus
1945 1055 2028 1077 sum.
2081 1045 2262 1086 Propterea
2291 1054 2369 1085 erga

90 1103 220 1136 Brettle
242 1104 335 1143 grato
359 1101 468 1134 animo
494 1111 545 1133 me
568 1101 685 1132 habeo.

252 1155 427 1187 Methodus
451 1154 550 1186 trium
575 1153 723 1195 priorum
746 1155 912 1185 tomorum
939 1153 1172 1191 „Hierarchiae
1193 1153 1403 1184 Catholicae“
1430 1152 1510 1184 satis
1534 1154 1615 1184 nota
1638 1154 1696 1184 est.
1738 1152 1864 1192 Singuli
1889 1151 1970 1183 tomi
1993 1151 2028 1183 in
2052 1151 2135 1182 duos
2159 1151 2263 1182 libros
2287 1150 2369 1182 divi-

92 1210 232 1242 duntur:
262 1209 346 1241 liber
369 1209 383 1240 I
408 1208 562 1240 Summos
588 1206 767 1239 Pontifices
793 1207 821 1248 (1
845 1211 937 1247 pars)
962 1207 995 1238 et
1018 1206 1051 1237 S.
1076 1205 1116 1237 R.
1140 1206 1175 1238 E.
1201 1206 1384 1238 cardinales
1409 1205 1453 1246 (II
1478 1206 1571 1247 pars)
1597 1206 1753 1245 continet,
1778 1205 1836 1246 qui
1861 1204 2072 1245 (cardinales)
2096 1205 2164 1236 tam
2188 1204 2370 1236 secundum

93 1272 210 1295 eorum
240 1262 441 1294 creationem
469 1261 532 1292 sub
561 1269 764 1300 unoquoque
792 1259 987 1299 pontificatu
1017 1269 1118 1300 quam
1147 1260 1330 1291 secundum
1360 1269 1474 1290 eorum
1503 1258 1658 1290 ecclesias
1685 1259 1836 1290 titulares
1863 1258 2094 1296 inveniuntur;
2127 1257 2211 1289 liber
2234 1257 2263 1288 Π
2292 1267 2370 1288 vero

93 1315 240 1348 continet
268 1314 484 1356 patriarchas,
517 1313 787 1354 archiepiscopos
821 1314 854 1344 et
885 1313 1061 1353 episcopos
1090 1313 1194 1344 totius
1218 1312 1385 1344 Ecclesiae
1413 1312 1529 1344 ordine
1557 1312 1765 1353 alphabetico
1794 1311 2005 1351 dioecesium,
2033 1311 2155 1352 quibus
2183 1312 2370 1351 praeerant,

90 1368 224 1408 allatos,
249 1367 415 1400 adnotatis
439 1366 492 1398 die
516 1366 687 1398 electionis
711 1366 753 1398 ad
777 1365 994 1406 respectivam
1019 1365 1142 1404 sedem,
1167 1366 1265 1397 modo
1290 1375 1356 1406 quo
1380 1365 1476 1397 sedes
1500 1366 1639 1397 vacabat
1661 1367 1811 1406 tempore
1836 1364 2018 1403 electionis,
2043 1365 2076 1395 et
2099 1363 2190 1395 fonte
2213 1363 2371 1395 Vaticano

94 1421 232 1454 istarum
261 1431 379 1453 rerum.
427 1420 554 1452 Deinde
582 1419 616 1451 in
645 1419 915 1450 adnotationibus
943 1418 1159 1450 inveniuntur
1183 1418 1319 1450 notitiae
1343 1418 1589 1450 consistoriales
1613 1419 1764 1459 tempore
1788 1417 1958 1449 electionis
1982 1417 2154 1448 emanatae
2178 1418 2211 1448 et
2235 1416 2370 1447 notitiae

90 1475 137 1508 ad
160 1475 271 1516 ipsum
295 1476 484 1516 promotum
508 1472 559 1504 vel
583 1473 626 1504 ad
649 1473 776 1504 statum
800 1471 959 1504 dioecesis
984 1471 1199 1512 pertinentes,
1241 1471 1361 1503 Omnia
1385 1471 1576 1503 huiusmodi
1599 1472 1813 1503 inveniuntur
1837 1470 1934 1502 simul
1959 1479 2034 1501 cum
2057 1469 2200 1501 fontium
2224 1469 2371 1509 assigna-

92 1528 195 1568 tione,
230 1537 248 1559 e
281 1528 402 1568 quibus
437 1527 645 1559 hauriuntur.
703 1525 850 1557 Ulterius
883 1526 992 1556 tomus
1026 1524 1198 1556 ordinatur
1230 1525 1321 1556 iuxta
1354 1524 1639 1564 computationem
1673 1523 1910 1556 hierarchicam
1943 1533 2002 1555 seu
2034 1523 2126 1554 iuxta
2158 1522 2371 1554 Summorum

95 1580 295 1614 Pontificum
320 1580 543 1622 pontificatus,
568 1579 682 1611 relicta
705 1578 951 1620 computatione
974 1577 1144 1609 saeculari.
1188 1578 1313 1609 Tamen
1337 1577 1380 1608 ad
1404 1577 1588 1609 secundum
1611 1577 1731 1608 librum
1756 1576 1889 1608 additur
1913 1575 2082 1617 appendix
2104 1575 2278 1607 nominum
2301 1574 2372 1607 vul-

91 1634 220 1676 garium
250 1643 478 1675 personarum,
508 1643 595 1674 quae
624 1632 658 1664 in
687 1632 743 1664 illo
767 1631 991 1663 inveniuntur.
1038 1630 1103 1670 Sic,
1132 1630 1159 1661 si
1183 1632 1258 1671 quis
1283 1630 1430 1662 inveniat
1455 1639 1577 1662 nomen
1602 1630 1739 1662 alicuius
1763 1629 1907 1671 promoti
1929 1638 1996 1660 non
2021 1638 2099 1660 vero
2124 1628 2292 1667 dioecesis,
2321 1628 2374 1659 eui

96 1687 259 1730 praeerat,
284 1686 357 1728 ipse
381 1687 553 1728 promotus
578 1685 793 1717 nihilominus
818 1684 955 1725 reperiri
980 1685 1099 1724 potest.
1647 1690 1651 1694 ·

255 1740 417 1772 Fontibus
442 1739 537 1771 novis
561 1738 814 1771 occurrentibus
838 1738 871 1770 et
895 1737 1041 1770 fontibus
1064 1736 1130 1768 iam
1154 1736 1311 1768 adhibitis
1336 1736 1463 1768 interea
1487 1736 1522 1768 in
1547 1736 1648 1768 alium
1668 1736 1816 1768 ordinem
1834 1735 1987 1775 redactis,
2012 1735 2162 1776 quaestio
2180 1736 2278 1767 antea
2294 1734 2374 1767 satis

96 1794 247 1826 discussa
273 1794 314 1826 de
338 1793 437 1825 modo
462 1792 614 1834 signandi
638 1792 745 1824 fontes
770 1792 811 1823 ab
835 1791 942 1822 Eubel
966 1789 1133 1822 adhibitos
1157 1799 1223 1821 non
1248 1789 1391 1830 amplius
1416 1789 1524 1821 locum
1549 1789 1659 1829 habet,
1684 1789 1743 1821 sed
1767 1788 1926 1820 nonnulla
1950 1789 1991 1820 de
2013 1788 2161 1821 fontibus
2177 1788 2277 1820 huius
2293 1787 2374 1819 tomi

95 1848 228 1888 oportet
252 1847 473 1888 praemittere.

258 1899 395 1932 Fundus
420 1898 660 1931 consistorialis
684 1898 783 1929 hodie
807 1897 842 1929 in
858 1896 1037 1929 'l'abulario
1055 1895 1188 1928 Secreto
1204 1895 1362 1927 Vaticano
1387 1895 1531 1926 existens
1555 1896 1726 1927 ordinatur
1749 1896 1782 1926 et
1805 1894 1963 1926 dividitur
1985 1894 2020 1925 in
2039 1894 2143 1933 „Acta
2159 1892 2374 1933 Camerarii“,

96 1953 202 1993 „Acta
226 1952 514 1985 Vicecancellarii“
546 1952 602 1991 (ad
630 1961 755 1984 annum
783 1950 865 1983 1632
894 1951 1025 1981 tantum
1052 1949 1251 1990 perveniunt
1279 1948 1362 1980 Acta
1386 1948 1564 1988 Vicecan.)‚
1593 1949 1627 1980 et
1653 1949 1755 1987 „Acta
1777 1947 2050 1988 Miscellanea“.¹)
2095 1947 2131 1978 In
2160 1947 2234 1979 istis
2257 1956 2374 1978 manu-

96 2006 231 2047 scriptis
256 2008 331 2038 acta
354 2006 626 2038 consistoriorum
651 2006 854 2036 secretorum
878 2003 1100 2041 continentur,
1125 2011 1211 2042 quae
1235 2001 1316 2033 feria
1340 2001 1488 2033 secunda
1511 2001 1564 2033 vel
1580 2002 1673 2033 sexta
1688 2011 1799 2033 coram
1816 2000 2032 2033 Sanctissimo
2050 2000 2190 2032 Domino
2206 2000 2326 2032 Nostro
2340 1999 2375 2031 in

97 2059 220 2102 palatio
243 2059 402 2092 Vaticano
426 2059 478 2091 vel
503 2058 668 2097 Quirinali
692 2058 801 2090 locum
825 2057 948 2089 habere
972 2056 1134 2095 solebant,
1163 2056 1195 2087 et
1218 2055 1251 2086 in
1276 2054 1398 2095 quibus
1422 2054 1609 2086 cardinales
1633 2054 1735 2086 creati
1758 2055 1792 2085 et
1816 2053 1963 2095 episcopi
1987 2062 2024 2085 ac
2048 2053 2185 2085 abbates
2209 2054 2374 2085 monaste—

99 2113 225 2145 riorum
256 2112 533 2144 consistorialium
564 2111 710 2152 promoti
741 2111 792 2142 vel
822 2110 973 2142 translati
1006 2110 1110 2141 erant.
1159 2107 1359 2140 Huiusmodi
1390 2108 1462 2139 acta
1493 2107 1626 2139 nomine
1656 2107 1832 2139 cardinalis
1861 2106 2042 2138 Camerarii
2070 2106 2163 2138 Sacri
2193 2105 2330 2146 Collegii
2357 2115 2376 2137 a

98 2165 275 2198 secretario
307 2166 455 2198 eiusdem
484 2165 621 2206 Collegii
653 2164 688 2196 in
720 2164 852 2205 scriptis
886 2163 1019 2195 redacta
1049 2162 1192 2201 suerunt,
1226 2163 1258 2193 et
1287 2161 1386 2193 etiam
1414 2160 1589 2192 cardinalis
1613 2160 1908 2193 Vicecancellarius
1936 2160 1993 2201 (de
2021 2159 2108 2191 facto
2134 2158 2375 2200 Cancellarius)

98 2219 132 2252 S.
156 2219 196 2251 R.
221 2219 257 2251 Ε.
292 2218 482 2251 huiusmodi
515 2219 588 2250 acta
621 2217 788 2258 registrari
821 2216 907 2248 fecit.
960 2216 1038 2247 Ideo
1071 2215 1133 2247 ista
1166 2216 1240 2247 acta
1273 2214 1515 2246 consistorialia
1547 2214 1656 2254 operis
1690 2213 1731 2244 de
1764 2213 1948 2244 hierarchia
1978 2222 2091 2244 verum
2122 2212 2375 2244 fundamentum

99 2272 313 2304 constituunt.

254 2325 387 2361 ‚Tamen
415 2335 476 2366 pro
505 2326 657 2365 tempore
686 2324 775 2364 quod
804 2323 836 2354 in
866 2323 928 2355 hoc
956 2324 1046 2353 tomo
1075 2322 1260 2353 illustratur
1288 2320 1452 2352 habentur
1481 2322 1513 2351 et
1542 2319 1597 2351 alii
1626 2319 1745 2359 fontes
1775 2319 1830 2359 qui
1858 2329 1920 2360 pro
1949 2320 2061 2351 nostro
2089 2328 2190 2359 opere
2219 2327 2375 2359 magnum

101 2379 304 2411 momentum
329 2378 463 2411 habent.
511 2377 677 2418 Imprimis
701 2376 895 2408 recensendi
919 2377 998 2407 sunt
1025 2384 1198 2416 processus
1226 2373 1473 2406 consistoriales
1497 2372 1666 2405 Tabularii
1691 2372 1811 2404 Sacrae
1836 2371 2107 2413 Congregationis
2131 2371 2375 2404 Consistorialis

102 2441 190 2464 nunc
213 2431 247 2463 in
272 2431 452 2463 Tabulario
471 2431 629 2463 Vaticano
653 2430 822 2469 asservati,
846 2429 903 2470 qui
927 2428 1054 2469 aliquot
1078 2429 1207 2460 tantum
1232 2427 1352 2459 abhinc
1376 2426 1472 2457 annis
1496 2426 1622 2458 mundo
1648 2424 1830 2457 scientifico
1853 2426 1979 2466 patent.
2019 2425 2105 2456 Nam
2129 2434 2148 2456 a
2170 2425 2285 2457 multis
2309 2424 2375 2456 iam

101 2485 197 2517 annis
226 2484 274 2517 illi
301 2485 335 2516 in
358 2484 537 2516 Tabulario
561 2484 722 2515 Vaticano
750 2483 889 2514 aderant
916 2482 976 2513 sed
1006 2481 1047 2513 de
1076 2480 1140 2512 illis
1169 2490 1266 2512 nemo
1295 2479 1441 2511 curabat.
1489 2478 1612 2510 Brettle
1637 2478 1711 2510 illos
1734 2478 1899 2519 inspicere
1922 2478 2030 2519 coepit
2053 2478 2086 2509 et
2108 2487 2196 2509 nunc
2220 2477 2375 2509 omnibus

102 2539 226 2579 patent.
274 2538 322 2570 De
345 2537 409 2569 illis
434 2537 593 2569 nonnulla
616 2537 760 2569 breviter
784 2535 933 2568 stabilire
958 2533 1127 2575 oportetss)

262 2590 454 2632 Antequam
485 2591 559 2631 quis
591 2591 633 2622 ad
665 2589 892 2631 episcopatum
919 2588 1026 2629 (quod
1053 2587 1140 2619 valet
1168 2586 1267 2618 etiam
1296 2596 1355 2627 pro
1383 2585 1526 2617 abbatiis
1555 2596 1613 2618 seu
1642 2585 1852 2617 monasteriis
1880 2585 2178 2625 consistorialibus)
2207 2585 2375 2625 promotus

99 2644 154 2676 vel
183 2643 225 2676 ab
254 2653 321 2676 uno
350 2644 391 2676 ad
420 2644 522 2676 alium
550 2644 778 2684 episcopatum
806 2641 987 2673 translatus
1015 2641 1112 2680 esset,
1141 2640 1245 2671 Sedes
1269 2638 1461 2680 Apostolica
1490 2639 1530 2670 de
1558 2638 1776 2679 qualitatibus
1804 2638 2022 2678 promovendi
2049 2638 2091 2669 ad
2118 2637 2181 2669 hoc
2208 2636 2375 2678 requisitis

102 2706 232 2729 necnon
257 2698 297 2729 de
320 2699 408 2729 statu
431 2697 520 2729 illius
544 2696 706 2728 dioecesis
730 2695 904 2727 certiorem
928 2704 963 2726 se
988 2693 1158 2725 reddebat.
1198 2693 1267 2724 Iam
1290 2701 1378 2724 anno
1402 2692 1484 2723 1517
1502 2691 1569 2723 Leo
1586 2691 1650 2723 PP.
1668 2691 1695 2722 X
1718 2692 1889 2729 statuerat,
1913 2692 1949 2722 ut
1969 2699 2143 2732 processus
2163 2689 2375 2730 inquisitivus

104 2749 145 2782 de
173 2749 408 2791 promovendis
437 2750 479 2782 ad
508 2749 718 2791 episcopatus
746 2748 849 2780 fleret.
897 2747 1023 2779 Deinde
1051 2746 1105 2778 die
1139 2747 1171 2777 11
1203 2745 1283 2778 Nov.
1317 2745 1399 2776 1563
1429 2744 1613 2776 Concilium
1637 2744 1870 2776 Tridentinum
1898 2743 2116 2785 metropolitis
2145 2742 2309 2784 imposuit,
2338 2744 2375 2774 ut

103 2802 145 2834 de
175 2803 332 2844 legitimis
360 2803 536 2843 natalibus,
567 2804 675 2834 aetate
707 2804 767 2834 etc.
800 2800 981 2834 eorundem
1012 2799 1315 2840 promovendorum
1346 2797 1598 2838 investigaretur
1626 2799 1659 2828 et
1686 2797 1819 2838 quidem
1851 2796 2038 2829 testimonio
2066 2805 2282 2837 personarum
2310 2795 2375 2827 fide

266 2910 284 2944 ¹)
310 2909 351 2937 De
374 2909 536 2937 Inventario
562 2907 723 2936 huiusmodi
750 2907 830 2935 fundi
857 2907 891 2935 cf.
916 2905 1024 2934 Sussidi
1050 2913 1099 2940 per
1126 2905 1154 2932 la
1177 2903 1393 2932 Consultazione
1418 2902 1482 2930 dell*
1506 2902 1642 2930 Archivio
1668 2902 1805 2930 Vaticano
1829 2902 1922 2936 (Studi
1947 2910 1961 2929 e
1984 2901 2061 2930 'resti
2085 2910 2112 2929 n.
2135 2902 2191 2936 45),
2217 2901 2375 2929 Biblioteca

108 2951 247 2980 Vaticana
266 2953 342 2987 1926,
361 2961 408 2989 pp.
427 2954 576 2980 203—219.

264 2997 286 3032 ¹)
305 2996 346 3025 Cf.
365 2997 449 3025 etiam
467 2997 547 3024 Jadin
567 2997 605 3030 L„
629 2996 658 3024 in
678 2995 803 3024 Bulletin
828 2995 862 3023 de
881 2994 1020 3022 l'lnstitut
1043 2993 1199 3028 histerique
1223 2992 1304 3027 belge
1328 2991 1362 3019 de
1381 2991 1467 3019 Rome
1487 2990 1631 3018 VIII—XI
1651 2991 1849 3026 (1928—1931)
1872 2990 1920 3024 qui
1944 2997 2090 3025 processus
2109 2988 2321 3017 consistoriales
2339 2987 2375 3016 ad

105 3039 247 3068 dioeceses
265 3040 359 3076 Belgii
379 3041 553 3076 pertinentes
572 3043 672 3076 (nsque
691 3039 727 3068 ad
747 3047 852 3068 annum
873 3039 952 3074 1849)
970 3037 1061 3066 edidit
1080 3038 1108 3065 et
1127 3037 1160 3065 de
1180 3035 1356 3073 processibus
1375 3035 1403 3062 in
1423 3042 1524 3070 genere
1544 3033 1686 3062 disseruit.
