2528 3444
1152 256 1316 288 Praefatio
2310 253 2368 285 VII

257 358 391 390 Utilitas
415 358 513 390 huius
538 358 638 390 fontis
663 360 762 390 etiam
787 360 873 391 clare
899 362 1071 400 appparet.
1111 361 1196 392 Nam
1221 361 1466 392 nominationes
1490 360 1531 391 ad
1556 359 1732 400 dignitates
1749 360 1781 390 et
1797 358 1914 397 officia,
1939 358 2202 399 dispensationes
2219 360 2252 390 et
2268 358 2370 390 multa

98 412 171 450 alia,
202 421 288 452 quae
312 411 486 452 episcopos
511 412 544 442 et
567 411 748 443 cardinales
773 412 960 453 respiciunt,
990 423 1048 454 per
1072 413 1157 445 viam
1181 414 1290 445 brevis
1313 413 1487 454 apostolici
1510 412 1582 444 fieri
1607 412 1767 444 solebant.
1815 411 1884 443 Imo
1908 421 1968 442 nec
1992 411 2101 442 deficit
2125 420 2221 442 casus
2246 411 2279 442 in
2304 421 2370 451 quo

91 465 238 496 ecclesia
261 464 403 495 titularis
427 463 634 495 cardinalitia
658 464 816 496 cardinali
841 475 900 505 per
923 465 1009 496 viam
1034 466 1143 497 brevis
1167 467 1199 497 et
1222 476 1289 498 non
1313 466 1347 497 in
1370 465 1565 504 consistorio
1590 465 1757 505 assignata
1780 464 1849 495 suit.

256 516 394 548 Insimul
419 526 493 548 cum
514 517 672 548 brevibus
696 517 909 549 inveniuntur
925 518 1022 550 etiam
1040 518 1096 550 illa
1112 519 1320 558 documenta,
1345 529 1430 559 quae
1447 519 1487 550 ad
1505 518 1634 558 singula
1651 517 1762 549 brevia
1779 518 2008 558 praeparanda
2026 517 2210 548 necessaria
2227 517 2369 548 suerunt.

97 571 166 603 Ista
196 570 396 601 documenta
424 569 520 601 valde
552 570 645 601 utilia
676 572 754 601 sunt
784 572 816 602 et
846 571 934 602 inter
964 571 1019 603 illa
1049 572 1216 603 invenitur
1246 572 1360 612 petitio
1389 572 1431 603 ab
1462 573 1594 603 oratore
1622 571 1717 610 sacta,
1747 571 1782 602 in
1811 580 1877 611 qua
1906 571 2045 602 refertur
2076 570 2158 601 ratio
2186 579 2244 601 cur
2271 570 2370 602 breve

98 622 295 664 requiratur.
343 622 486 654 Ulterius
515 622 602 654 inter
630 632 670 654 ea
697 623 910 655 inveniuntur
938 624 1077 656 notitiae
1105 624 1146 656 de
1175 634 1328 665 persona,
1357 625 1410 656 cui
1436 625 1535 655 breve
1559 624 1809 655 eoncedendum
1833 625 1892 662 est,
1923 625 1955 654 et
1979 623 2157 663 aliquando
2181 624 2270 654 totus
2293 633 2371 663 pro-

100 686 214 709 cessus
238 676 450 716 inquisitivus
474 676 598 707 ibidem
622 676 775 708 habetur.
822 676 859 708 In
884 677 1016 708 casibus
1040 678 1080 709 de
1104 678 1384 709 nominationibus
1409 687 1428 708 a
1451 677 1552 708 Sacra
1577 676 1834 717 Congregatione
1859 676 1899 707 de
1924 675 2140 716 Propaganda
2164 675 2243 707 Fide
2268 675 2370 713 factis,

99 730 203 762 multa
234 728 420 761 istiusmodi
452 729 652 760 documenta
682 729 904 769 reperiuntur.
953 730 1037 761 Nam
1068 730 1308 762 nominationes
1337 730 1435 762 huius
1465 729 1736 771 Congregationis
1765 730 1799 760 in
1829 728 2136 769 congregationibus
2162 728 2371 768 generalibus

98 783 247 816 eiusdem
275 781 346 814 fieri
374 782 537 821 solebant,
567 783 599 813 et
627 781 747 813 deinde
777 783 943 814 decretum
974 783 1208 814 nominationis
1238 783 1482 815 conficiebatur.
1529 782 1780 823 Approbatione
1810 792 1828 813 a
1857 782 1991 813 Summo
2015 781 2175 813 Pontifice
2204 791 2371 820 concessa,

99 835 289 868 huiusmodi
322 835 445 866 decreti
479 835 667 875 exemplum
701 835 742 866 ad
774 836 1032 867 Secretariatum
1063 835 1218 867 Brevium
1251 835 1443 868 mittebatur
1475 838 1508 868 et
1541 836 1642 867 breve
1673 834 1909 866 nominationis
1940 834 2059 866 deinde
2090 834 2240 865 dabatur.
2288 834 2372 865 Cum

99 888 211 921 omnia
234 888 297 920 ista
321 887 453 919 insimul
478 897 552 919 cum
576 887 669 919 brevi
693 888 931 920 nominationis
956 889 1175 927 inveniantur,
1200 899 1266 921 non
1287 889 1435 929 oportuit
1450 899 1503 920 me
1520 898 1620 929 saepe
1637 888 1793 920 accedere
1810 887 1852 918 ad
1868 887 2084 918 Tabularium
2101 887 2372 927 Congregationis

100 943 141 974 de
166 941 386 982 Propaganda
409 940 500 979 Fide,
525 941 615 981 quod
640 951 705 972 non
731 941 763 972 in
788 941 964 973 Tabulatio
989 942 1147 973 Vaticano
1172 943 1229 973 sed
1254 943 1363 974 adhuc
1387 942 1476 982 apud
1500 942 1621 973 dictam
1645 941 1937 981 Congregationem
1962 941 2186 972 conservatur.

259 994 343 1025 Cum
371 1003 479 1025 sermo
508 994 550 1025 de
574 994 692 1025 cedula
715 994 935 1026 consistoriali
961 995 1070 1034 suerit,
1100 997 1231 1036 oportet
1254 995 1413 1027 nonnulla
1437 995 1478 1026 de
1501 994 1729 1026 instrumentis
1753 994 1786 1024 in
1811 993 1972 1025 electione
1997 992 2226 1034 episcoporum
2251 992 2373 1024 habitis

100 1057 315 1090 praeponere.

260 1100 344 1132 Cum
372 1110 545 1141 processus
577 1100 729 1140 expletus
758 1100 900 1131 examini
925 1100 1105 1140 subiectus,
1135 1102 1167 1132 et
1192 1100 1311 1132 deinde
1335 1110 1354 1131 a
1378 1100 1602 1132 cardinalibus
1626 1100 1790 1140 prioribus
1814 1099 1978 1137 ordinum,
2008 1098 2163 1130 membris
2188 1098 2373 1138 Congrega-

99 1154 202 1186 tionis
231 1153 474 1185 Consistorialis
505 1155 537 1185 et
569 1153 735 1185 cardinale
767 1155 950 1194 protectore
981 1153 1122 1185 nationis
1154 1154 1371 1194 promovendi
1402 1154 1607 1194 approbatus
1638 1153 1765 1192 fuisset,
1798 1152 2007 1192 redigebatur
2037 1151 2145 1182 brevis
2173 1150 2287 1183 relatio
2316 1160 2374 1182 seu

101 1206 284 1249 propositio
309 1207 414 1238 status
439 1205 600 1238 dioecesis
625 1207 657 1237 et
682 1206 877 1246 qualitatum
902 1206 1128 1247 promovendi,
1152 1215 1238 1246 quae
1262 1206 1381 1237 deinde.
1405 1206 1437 1237 in
1463 1206 1600 1237 diversis
1625 1206 1867 1246 exemplaribus
1889 1204 2025 1244 singulis
2044 1203 2266 1235 cardinalibus
2283 1203 2375 1235 Sacri

100 1259 238 1301 Collegii
262 1259 388 1292 Romae
416 1259 613 1300 degentibus
642 1259 845 1291 mittebatur.
893 1259 1020 1290 Deinde
1050 1259 1156 1290 dictus
1181 1259 1356 1290 cardinalis
1379 1260 1555 1300 protector,
1584 1260 1637 1290 vel
1661 1260 1806 1290 decanus
1831 1258 1922 1290 Sacri
1947 1257 2092 1297 Collegii,
2121 1257 2155 1288 in
2179 1257 2375 1288 consistorio

100 1313 257 1346 omnibus
287 1312 508 1345 annuntiabat
537 1311 571 1343 in
602 1312 756 1352 sequenti
788 1312 984 1343 consistorio
1014 1312 1113 1343 talem
1144 1322 1319 1352 personam
1350 1313 1391 1344 ad
1421 1312 1521 1344 talem
1552 1312 1727 1344 dioecesim
1755 1321 1828 1343 esse
1859 1311 2127 1352 promovendam.
2176 1309 2375 1341 Huiusmodi

100 1367 238 1398 vocatur
270 1365 463 1406 simpliciter
499 1365 792 1406 „praeconisatio“.
840 1365 965 1396 Deinde
998 1365 1031 1396 in
1063 1365 1255 1397 consistorio
1286 1366 1450 1405 sequenti,
1483 1365 1547 1397 nisi
1577 1365 1755 1406 impeditus
1786 1364 1893 1403 suerit,
1925 1364 2012 1395 idem
2045 1363 2222 1395 cardinalis
2254 1363 2375 1394 dictam

102 1419 295 1452 relationem
324 1428 383 1450 seu
411 1418 673 1459 propositionem
704 1418 857 1449 omnibus
886 1418 919 1449 in
949 1418 1142 1449 consistorio
1167 1419 1301 1450 oraliter
1324 1418 1598 1450 communicabat.
1646 1418 1683 1449 In
1707 1417 1773 1449 fine
1797 1427 1874 1449 vero
1899 1416 2086 1448 consistorii
2114 1416 2279 1448 Sanctitas
2309 1416 2376 1447 Sua

98 1472 364 1514 ‚promovendum
394 1472 603 1513 approbabat
634 1473 667 1503 et
695 1471 742 1503 sic
771 1472 813 1502 ad
841 1472 1011 1503 ecclesiam
1041 1472 1108 1512 (vel
1138 1472 1375 1503 monasterium
1404 1481 1463 1502 seu
1492 1471 1658 1503 abbatiam
1686 1470 1961 1510 consistorialem)
1990 1471 2162 1510 promotus
2187 1470 2266 1500 erat.
2316 1469 2376 1500 His

103 1525 248 1567 peractis
273 1525 448 1557 cardinalis
472 1526 638 1565 protector
662 1525 883 1556 redactionem
911 1525 1064 1564 „cedulae
1081 1524 1336 1556 consistorialis“
1363 1524 1434 1556 fieri
1457 1524 1604 1562 iubebat,
1628 1524 1660 1555 in
1679 1533 1744 1564 qua
1762 1523 1968 1555 habebantur
1984 1523 2115 1554 decreta
2131 1523 2165 1554 in
2182 1522 2377 1553 consistorio

107 1579 272 1618 emanata,
298 1588 419 1610 nomen
444 1578 589 1619 promoti
612 1579 684 1617 etc.,
709 1588 792 1618 quae
817 1578 936 1609 deinde
959 1577 1151 1610 mittebatur
1175 1577 1332 1608 cardinali
1352 1577 1637 1616 Vicecancellario,
1661 1577 1713 1608 vel
1736 1576 1893 1608 cardinali
1917 1576 2100 1607 Secretario
2116 1575 2270 1607 Brevium
2294 1575 2321 1606 si
2345 1575 2377 1605 in

103 1631 159 1663 illo
184 1631 257 1663 loco
282 1631 372 1662 bulla
396 1631 547 1663 facienda
570 1633 650 1663 erat.
693 1631 876 1671 Postquam
901 1631 1024 1662 electus
1048 1632 1140 1662 taxas
1166 1631 1293 1662 debitas
1318 1630 1414 1661 solvit
1439 1632 1473 1661 et
1497 1629 1755 1670 obligationibus
1779 1629 1847 1660 suis
1872 1628 2037 1667 satisfecit,
2062 1628 2153 1660 bulla
2176 1628 2267 1659 iuxta
2291 1627 2376 1659 diem

103 1685 164 1717 etc.
196 1684 230 1716 in
262 1684 377 1716 cedula
408 1685 555 1716 notatam
586 1686 719 1716 redacta
747 1686 777 1715 et
807 1684 959 1725 expedita
988 1685 1067 1716 erat.
1115 1684 1230 1715 Dictae
1260 1683 1435 1715 relationes
1464 1693 1523 1714 seu
1551 1682 1794 1724 propositiones
1823 1681 1959 1714 diversis
1987 1681 2020 1712 in
2049 1681 2127 1712 locis
2155 1681 2378 1720 inveniuntur,

104 1747 132 1769 e.
157 1747 185 1777 g.
210 1737 244 1768 in
269 1737 357 1769 Misc.
375 1737 465 1769 Arm.
483 1737 542 1768 XII
567 1739 645 1769 sunt
668 1738 791 1778 plures,
816 1738 873 1769 sed
898 1737 972 1769 illae
996 1738 1085 1778 apud
1108 1737 1169 1768 AM
1194 1738 1247 1776 45,
1271 1737 1324 1776 46,
1349 1737 1402 1776 47,
1427 1737 1480 1775 49,
1505 1736 1558 1774 51,
1583 1736 1623 1767 52
1649 1738 1682 1767 et
1706 1736 1758 1774 97,
1776 1736 1817 1767 98
1843 1735 1944 1776 (quae
1962 1744 2067 1774 usque
2091 1734 2134 1766 ad
2151 1744 2274 1765 annum
2296 1734 2378 1765 1625

104 1790 320 1832 perveniunt)
344 1790 430 1822 diem
455 1790 651 1831 provisionis
676 1791 723 1829 (in
741 1792 846 1830 tergo)
871 1790 1071 1831 assignatam
1096 1791 1218 1821 habere
1242 1790 1347 1821 solent
1372 1799 1410 1821 ac
1434 1789 1572 1830 proinde
1597 1789 1645 1822 uti
1666 1789 1738 1820 acta
1755 1788 1995 1820 consistorialia
2012 1787 2274 1818 considerandae
2291 1787 2377 1818 sunt.

265 1843 398 1884 Reliqui
422 1843 529 1875 sontes
554 1854 573 1875 a
597 1854 649 1875 me
673 1844 813 1875 adhibiti
839 1845 872 1875 in
898 1844 969 1875 loco
994 1844 1128 1884 proprio
1153 1844 1230 1875 sunt
1253 1842 1421 1883 assignati.
1462 1842 1554 1873 Inter
1577 1842 1638 1872 hos
1663 1841 1768 1872 fontes
1794 1840 2005 1872 nominentur
2023 1840 2125 1872 diaria
2149 1839 2379 1880 magistrorum

104 1897 387 1929 caeremoniarum
411 1896 582 1936 Mucantii,
607 1897 788 1936 Alaleonis,
812 1897 985 1936 Servantii,
1010 1898 1043 1928 et
1066 1896 1179 1929 Bonae
1203 1897 1237 1927 in
1260 1896 1466 1928 Bibliotheca
1487 1895 1644 1927 Vaticana
1667 1904 1742 1926 cum
1765 1894 1986 1934 assignatione
2012 1895 2103 1933 „Vat.
2128 1893 2199 1924 Lat.
2229 1893 2379 1924 12289-

108 1949 232 1982 12338⁴⁴
267 1949 359 1990 (olim
394 1950 512 1990 „Arch.
538 1951 620 1989 Vat.,
653 1950 742 1982 Misc.
775 1950 864 1981 Arm.
895 1950 952 1981 XII
984 1950 1163 1991 64—88“),
1194 1950 1458 1982 consecrationes
1489 1948 1718 1989 episcoporum
1750 1947 1876 1979 Romae
1908 1948 1949 1978 ab
1980 1957 2067 1978 anno
2102 1946 2185 1978 1565
2218 1945 2260 1977 ad
2291 1945 2378 1976 diem

107 2003 146 2035 13
170 2004 255 2044 Aug.
283 2004 367 2035 1662
396 2005 550 2044 peractae
578 2006 611 2035 et
639 2014 658 2035 a
683 2003 847 2044 magistris
870 2003 1154 2035 caeremoniarum
1179 2003 1354 2034 adnotatae
1379 2002 1468 2042 apud
1495 2001 1602 2041 „Misc.
1628 2000 1717 2032 Arm.
1744 2000 1819 2031 XIII
1846 2001 1919 2039 33“,
1949 2001 1981 2030 et
2006 1999 2226 2038 necrologium
2250 1997 2378 2038 episco-

104 2065 232 2097 porum,
262 2056 317 2097 qui
347 2056 474 2088 Romae
502 2057 598 2088 annis
622 2057 818 2088 981—1777
849 2056 1011 2095 obierunt,
1039 2066 1057 2088 a
1081 2055 1215 2088 Galletti
1239 2055 1437 2093 consectum,
1464 2055 1553 2093 „Vat.
1580 2054 1649 2086 Lat.
1677 2054 1793 2085 7900“.
1842 2053 1985 2084 Ulterius
2010 2052 2192 2084 notandum
2216 2053 2266 2083 est
2290 2051 2379 2092 quod

105 2109 194 2150 apud
218 2109 308 2140 Misc.
333 2109 424 2141 Arm.
450 2109 508 2140 Xll
531 2110 712 2141 nonnullae
736 2109 821 2141 aliae
846 2119 898 2141 res
923 2109 1168 2141 consistoriales
1193 2108 1417 2140 inveniuntur.

263 2162 317 2194 Ad
345 2162 493 2203 singulos
522 2162 629 2195 fontes
657 2162 836 2203 signandos
861 2172 989 2194 necnon
1014 2162 1056 2194 ad
1079 2162 1159 2193 alias
1184 2161 1327 2202 singulas
1352 2160 1536 2192 locutiones
1561 2161 1594 2191 et
1616 2169 1724 2197 voces,
1753 2168 1838 2199 quae
1863 2168 1963 2199 saepe
1987 2159 2174 2197 occurrunt,
2205 2156 2378 2188 abbrevia-

105 2214 251 2246 tionibus
282 2225 362 2246 usus
388 2225 472 2254 sum,
500 2226 643 2256 quarum
668 2216 823 2247 elenchus
847 2215 932 2246 infra
956 2214 1131 2246 invenitur.
1182 2215 1267 2246 Libri
1293 2213 1445 2254 impressi
1471 2222 1490 2244 a
1513 2222 1565 2244 me
1591 2211 1740 2251 adhibiti,
1769 2213 1805 2243 ut
1829 2212 1965 2243 lacunae
1989 2210 2210 2251 explerentur,
2239 2210 2273 2241 in
2298 2209 2379 2241 locis

108 2267 176 2299 suis
201 2268 396 2300 nominatim
420 2268 510 2300 citati
535 2269 755 2310 reperiuntur.

264 2321 450 2353 Iucundum
475 2322 556 2354 mihi
581 2321 726 2353 officium
751 2323 802 2353 est
825 2321 974 2362 publicas
999 2330 1095 2361 agere
1119 2320 1241 2361 gratias
1265 2319 1345 2351 Rev.
1355 2329 1409 2350 mo
1433 2318 1561 2359 Angelo
1586 2317 1731 2357 Mercati,
1755 2317 1781 2348 T
1785 2316 1923 2348 abularii
1947 2316 2094 2348 Vaticani
2118 2315 2298 2356 praefecto,
2322 2315 2377 2355 qui

106 2383 172 2406 non
200 2373 307 2406 solum
339 2375 477 2406 consilio
506 2375 596 2407 haud
626 2385 699 2407 raro
727 2385 779 2406 me
809 2374 934 2406 adiuvit
958 2374 1016 2405 sed
1040 2374 1139 2405 etiam
1164 2373 1313 2414 plagulas
1342 2373 1382 2404 de
1406 2372 1500 2412 prelo
1526 2371 1734 2411 corrigendas
1757 2370 1901 2411 inspexit
1924 2371 1956 2401 et
1979 2369 2174 2400 emendavit.
2221 2367 2380 2400 Similiter

105 2427 228 2467 gratias
251 2437 312 2468 ago
336 2427 417 2460 Rev.
428 2438 481 2460 mo
497 2428 639 2469 Iosepho
656 2428 824 2467 Beltrami,
849 2427 1019 2459 Tabularii
1042 2426 1196 2458 Brevium
1221 2425 1376 2466 praesidi,
1401 2424 1457 2465 qui
1474 2424 1568 2455 valde
1592 2423 1780 2455 humaniter
1802 2432 1908 2454 meam
1933 2421 2209 2453 consultationem
2229 2420 2378 2452 brevium

106 2479 235 2512 facilem
263 2480 414 2513 reddidit.
462 2481 614 2522 Denique
645 2491 722 2522 erga
751 2490 866 2512 omnes
896 2482 929 2512 et
958 2480 1114 2520 singulos,
1144 2479 1200 2519 qui
1228 2478 1339 2519 aliquo
1369 2477 1466 2509 modo
1495 2487 1547 2508 me
1574 2476 1783 2515 adiuverunt,
1812 2477 1906 2516 grato
1935 2475 2044 2506 animo
2069 2483 2121 2505 me
2145 2474 2261 2512 habeo,
2291 2474 2323 2505 et
2345 2473 2379 2504 in

104 2534 191 2565 votis
221 2534 271 2565 est
302 2534 348 2573 ut,
380 2534 449 2566 Deo
480 2534 622 2574 favente,
655 2534 845 2566 huiusmodi
876 2533 985 2574 operis
1017 2533 1057 2564 de
1087 2532 1274 2564 hierarchia
1304 2530 1509 2562 continuatio
1541 2539 1668 2561 necnon
1697 2529 1795 2560 trium
1823 2528 1970 2569 priorum
1999 2529 2165 2559 tomorum
2193 2526 2379 2558 emendatio

100 2585 277 2618 definitiva
301 2596 320 2618 a
344 2597 396 2618 me
418 2587 483 2619 iam
509 2587 640 2628 incepta
665 2597 724 2619 suo
749 2588 897 2627 tempore
921 2585 1145 2627 perficiantur.

266 2683 295 2714 R
304 2695 323 2716 o
332 2695 364 2716 m
374 2694 392 2716 a
401 2695 418 2716 e
429 2710 436 2724 ,
466 2685 625 2716 Kalendis
649 2684 845 2716 Decembris
870 2683 1085 2715 MCMXXXV.

1682 2774 1871 2808 Patricius
1895 2773 2087 2814 Gauchat,
2112 2772 2156 2807 Ο.
2180 2772 2232 2806 M.
2257 2772 2378 2807 Conv.
