2528 3444
182 261 224 291 46
488 260 679 292 Cardinales
703 260 885 301 presbyteri
910 262 945 292 tt.
972 260 1029 292 SS.
1054 260 1176 292 Mariae
1200 260 1242 291 de
1267 259 1405 300 Populo,
1430 258 1551 290 Mariae
1575 259 1665 289 trans
1690 257 1848 298 Tiberim,
1873 257 1993 290 Mariae
2017 258 2051 289 in
2074 259 2143 290 Via.

184 368 357 409 Philippus
375 368 594 400 Philonardus
612 367 681 407 (III,
699 368 766 408 24),
785 377 835 408 cp.
854 367 1064 408 Aquinaten.,
1081 368 1100 398 9
1115 367 1172 399 Iul.
1191 367 1284 406 1614,

315 414 334 449 ᾧ
358 414 398 444 29
424 412 466 444 Se
492 414 514 444 t.
542 413 634 444 1622.

182 456 286 488 Guido
304 423 494 488 Bentivohi}
512 457 583 498 (III,
602 457 669 497 52),
687 458 723 487 tt.
742 456 773 487 S.
788 456 876 488 Ioan.
895 457 970 487 ante
988 456 1119 487 Portam
1134 456 1285 488 Latinam

314 502 385 541 pbr.
419 501 518 540 card.,
548 502 589 532 26
615 500 685 532 Oct.
714 502 795 532 1622
824 501 894 540 (AC
927 501 966 532 15
997 500 1017 531 f.
1045 501 1142 541 198‘),
1174 502 1213 532 tr.
1243 500 1285 531 ad

312 547 350 577 tt.
376 546 408 576 S.
435 545 591 577 Praxedis
617 546 633 576 7
659 545 735 576 Maii
762 546 855 576 1635.

183 589 292 620 Lelius
308 589 416 623 Biscia
433 590 484 630 (V,
501 590 566 630 15),
583 590 618 621 tt.
633 590 664 620 S.
680 589 800 621 Mariae
816 590 850 620 in
869 589 1046 620 Cosmedin
1060 589 1141 621 diac.
1156 589 1285 630 card.,¹)

313 635 331 665 9
357 634 450 665 Febr.
479 634 572 671 1637,
597 636 616 673 †
643 635 681 665 19
705 634 784 666 Nov.
814 634 906 665 1638.

182 678 293 709 Lelius
311 678 521 710 Falconerius
540 679 592 717 (V,
610 679 678 719 60),
695 678 838 718 archiep.
857 678 1014 717 Theban.,
1033 678 1071 710 31
1092 678 1174 718 Aug.
1191 679 1285 717 1643,

311 724 330 757 †
356 723 396 754 14
419 723 496 754 Dec.
524 723 616 754 1648.

182 766 302 798 Marius
319 767 508 799 Theodolus
533 767 585 807 (V,
603 767 670 807 66),
695 768 730 797 tt.
753 767 785 798 S.
804 766 910 798 Alexii
934 766 1006 807 pbr.
1032 768 1130 801 card.,
1155 767 1197 798 28
1213 767 1284 798 Iun.

314 812 396 843 1649
422 811 493 852 (AC
520 813 559 842 1⁴.)
583 811 604 842 f.
631 811 719 852 152),
743 813 762 850 ψ
787 812 826 843 27
852 811 922 842 Iun.
951 811 1043 843 1650.

180 855 301 886 Fabius
325 855 457 887 Chisius
482 856 550 896 (VI,
567 857 634 897 23),
659 865 710 896 ep.
728 855 928 894 Neritonen.,
955 856 1103 887 11Ma1·1.
1124 856 1218 895 1651,
1244 856 1283 887 cl.

313 900 403 931 Sum.
430 901 524 931 Pont.
551 898 736 932 Alexander
757 898 811 931 Vll
838 902 854 931 7
881 900 960 940 Apr.
988 901 1080 931 1655.

181 944 376 976 Theodorus
400 944 582 976 Trivultius
611 945 662 985 (V,
687 945 754 985 34),
784 946 820 976 tt.
850 945 883 976 S.
908 945 1029 976 Mariae
1058 944 1092 975 in
1116 944 1176 975 Via
1204 945 1282 976 Lata

311 989 391 1021 diac.
418 989 516 1025 card.,
544 990 584 1020 14
606 989 682 1020 Maii
709 988 832 1030 1655,‘·')
856 988 875 1029 †
899 989 918 1020 3
942 989 1024 1028 Aug.
1053 990 1146 1021 1656.

180 1034 311 1065 Flavius
340 1033 470 1065 Chisius
500 1033 583 1074 (VII,
615 1033 659 1074 1),
693 1042 797 1073 nepos
826 1031 1006 1065 Alexandri
1031 1032 1097 1073 Vll,
1131 1034 1172 1064 23
1203 1034 1282 1074 Apr.

313 1079 406 1117 1657,
430 1079 470 1109 tr.
495 1079 535 1109 ad
561 1078 721 1109 Albanen.
750 1079 788 1109 18
813 1078 907 1109 Mart.
935 1079 1027 1109 1686.

293 1185 322 1216 S.
349 1183 469 1217 Mariae
493 1185 587 1217 trans
611 1183 753 1217 Tiberini
778 1195 836 1216 seu
861 1183 895 1216 in
920 1183 1170 1218 Transtiberim.

180 1257 307 1287 Marcus
331 1255 465 1287 Sittieus
489 1256 529 1286 de
553 1255 734 1295 Altaemps,
763 1257 799 1287 tt.
825 1256 856 1286 S.
883 1255 1063 1287 Clementis
1088 1257 1158 1297 pbr.
1184 1257 1283 1296 card.,

311 1300 330 1331 5
355 1300 430 1331 Dec.
458 1300 552 1339 1580,
576 1299 594 1340 †
620 1301 659 1331 15
684 1299 778 1331 Febr.
807 1300 931 1341 1595.³)

180 1345 281 1376 Iulius
311 1344 502 1376 Sanctorius
531 1344 726 1386 (Santorio),
764 1346 799 1376 tt.
834 1344 865 1375 S.
895 1344 1008 1376 Barth.
1046 1345 1080 1376 in
1112 1345 1176 1378 Ins.
1210 1346 1282 1386 pbr.

311 1389 408 1428 card.,
426 1390 467 1420 20
481 1389 575 1420 Febr.
592 1389 685 1429 1595,
703 1391 743 1420 tr.
761 1389 800 1421 ad
816 1389 1019 1421 Praenestin.
1036 1390 1076 1422 18
1088 1389 1171 1431 Aug.
1188 1391 1281 1422 1597.

179 1433 397 1474 Hieronymus
430 1433 669 1470 Rusticuccius,
705 1435 740 1464 tt.
775 1435 808 1465 S.
841 1434 1014 1465 Susannae
1049 1435 1118 1475 pbr.
1152 1435 1283 1476 eard.,⁴)

310 1479 349 1509 18
372 1478 455 1518 Aug.
485 1478 576 1514 1597,
601 1479 640 1509 tr.
666 1478 707 1509 ad
731 1478 894 1509 Albanen.
920 1479 961 1510 30
986 1479 1070 1511 Mart
1107 1479 1201 1510 1598.

178 1522 397 1562 Hieronymus
415 1522 643 1561 Simoncellus,
668 1524 704 1554 tt.
724 1522 755 1553 S.
774 1522 905 1554 Priscae
922 1524 993 1563 pbr.
1012 1524 1110 1563 card.,
1129 1524 1170 1556 30
1187 1523 1280 1555 Mart.

311 1567 394 1599 1598
418 1566 489 1606 (AC
510 1567 547 1598 13
566 1566 584 1598 f.
604 1567 683 1608 88⁴),
707 1568 745 1598 tr.
771 1567 813 1598 ad
830 1567 990 1599 Albanen.
1013 1569 1052 1600 21
1071 1568 1166 1600 Febr.
1186 1569 1279 1600 1600.

177 1611 362 1643 Alexander
386 1611 426 1642 de
447 1611 591 1649 Medicis,
613 1612 654 1643 11.
671 1613 704 1643 S.
723 1611 881 1643 Praxedis
905 1612 976 1652 pbr.
1002 1612 1101 1653 card.,
1126 1614 1165 1644 21
1184 1613 1280 1644 Febr.

268 1680 271 1683 .
309 1656 432 1695 1600,⁵)
456 1657 495 1686 tr.
521 1656 563 1687 ad
586 1656 748 1687 Albanen.
774 1657 816 1687 30
840 1656 921 1697 Aug.
949 1657 1042 1688 1600.

177 1700 342 1732 Antonius
359 1700 481 1731 Mariae
499 1701 538 1732 de
555 1700 717 1740 Salviatis,
742 1702 779 1732 tt.
805 1701 837 1732 S.
856 1701 1024 1733 Laurentii
1048 1701 1081 1733 in
1106 1701 1182 1734 Luc.
1208 1703 1279 1743 pbr.

306 1745 404 1781 card.,
430 1745 471 1776 30
495 1744 577 1785 Aug.
605 1745 689 1777 1600
713 1745 784 1786 (AC
811 1746 850 1777 13
875 1746 895 1777 f.
923 1747 1011 1787 144),
1037 1746 1056 1787 ’1-
1079 1746 1158 1788 Apr.
1187 1747 1278 1778 1602.

176 1789 365 1821 Dominicus
389 1789 545 1827 Pinellus,
570 1790 606 1821 tt.
632 1790 664 1821 S.
690 1790 894 1831 Chrysogoni
917 1791 990 1831 pbr.
1015 1791 1115 1831 card.,
1139 1792 1180 1823 22
1199 1791 1278 1831 Apr.
1307 1802 1309 1805 ·

309 1835 391 1866 1602
409 1834 481 1874 (AC
500 1834 539 1865 13
556 1833 576 1865 f.
597 1835 693 1873 165‘),
717 1836 757 1866 tr.
775 1835 815 1866 ad
833 1835 993 1867 Albanen.
1014 1836 1053 1867 19
1071 1836 1165 1867 Febr.
1186 1836 1278 1868 1603.

175 1878 339 1910 Antonius
371 1878 514 1917 Saulius,
544 1879 581 1910 11.
613 1879 645 1910 S.
670 1879 828 1920 Stephani
860 1880 894 1911 in
924 1880 1032 1911 Monte
1064 1880 1175 1912 Coelio
1206 1881 1279 1921 pbr.

307 1923 405 1961 card.,
427 1924 464 1954 19
482 1923 575 1954 Febr.
597 1924 678 1955 1603
695 1924 767 1963 (AC
787 1925 825 1956 13
842 1924 863 1956 f.
883 1925 982 1965 176⁴),
1003 1926 1040 1956 tr.
1060 1925 1101 1956 ad
1119 1925 1279 1957 Albanen.

308 1967 325 1998 7
351 1967 445 1998 Febr.
474 1967 567 1999 1607.

176 2011 342 2043 Marianus
366 2011 622 2043 Perbenedictus
646 2012 932 2054 (Pierbenedetti),
956 2014 993 2045 tt.
1018 2014 1076 2046 SS.
1102 2014 1280 2046 Marcellini

308 2057 339 2086 et
368 2056 456 2087 Petri
484 2056 555 2097 pbr.
585 2056 683 2095 card.,
715 2058 732 2088 7
758 2058 852 2089 Febr.
880 2059 962 2090 1607
992 2058 1061 2098 (AC
1088 2059 1128 2090 14
1156 2058 1176 2089 f.
1203 2060 1279 2099 60⁴),

307 2102 346 2131 tr.
371 2100 412 2132 ad
436 2101 612 2132 Tusculan.
638 2102 679 2133 28
704 2102 778 2133 Maii
805 2103 898 2134 1608.

176 2145 351 2185 Gregorius
368 2145 582 2177 Petrochinus
600 2146 639 2176 de
657 2146 861 2187 Montelparo
881 2147 937 2188 (al.
960 2147 1000 2178 de
1017 2147 1280 2189 Montelbero),‘³)

307 2190 342 2220 tt.
373 2189 405 2220 S.
430 2189 605 2230 Augustini
634 2190 704 2230 pbr.
735 2191 834 2230 card.,
867 2192 908 2223 28
938 2191 1014 2223 Maii
1046 2192 1140 2231 1608,
1169 2193 1210 2224 tr.
1239 2193 1280 2224 ad

307 2234 344 2264 tt.
370 2233 401 2265 S.
428 2234 597 2265 Laurentii
621 2234 654 2265 in
679 2234 757 2266 Luc.
783 2236 824 2267 24
847 2235 915 2267 Ian.
945 2237 1037 2268 1611.

177 2277 370 2309 Franciscus
400 2278 502 2310 Maria
530 2278 716 2310 Borbonius
745 2280 785 2311 de
814 2280 935 2318 Monte,
964 2281 1002 2312 tt.
1033 2281 1064 2312 S.
1095 2281 1217 2313 Mariae
1246 2281 1280 2313 in

307 2322 376 2353 Ara
399 2322 488 2354 Coeli
512 2323 582 2364 pbr.
608 2323 705 2362 card.,
730 2325 773 2355 24
795 2324 862 2356 Ian.
889 2326 971 2357 1611
998 2325 1067 2364 (AC
1090 2326 1130 2357 14
1153 2325 1173 2357 f.
1193 2327 1280 2366 171),

309 2368 348 2398 tr.
373 2367 415 2398 ad
436 2368 474 2398 tt.
500 2367 532 2398 S.
557 2367 725 2399 Laurentii
750 2369 784 2400 in
809 2368 885 2400 Luc.
910 2370 931 2400 4
955 2369 1026 2400 Iun.
1054 2371 1147 2401 1612.

177 2411 294 2442 Petrus
323 2410 592 2443 Aldobrandinus
620 2412 660 2453 (I,
686 2413 731 2453 3),
762 2414 797 2444 tt.
828 2413 884 2445 SS.
910 2414 999 2445 Ioan.
1029 2414 1062 2445 et
1085 2414 1178 2446 Pauli
1207 2415 1278 2455 pbr.

309 2456 409 2495 card.,
433 2456 454 2487 4
477 2456 547 2487 Iun.
575 2457 659 2488 1612
684 2457 756 2498 (AC
774 2458 815 2489 14
838 2457 858 2489 f.
877 2458 967 2499 213),
991 2459 1030 2489 tr.
1056 2458 1098 2489 ad
1123 2459 1279 2490 Sabinen.

309 2500 348 2531 31
374 2500 457 2540 Aug.
487 2501 578 2532 1620.

250 2607 269 2639 ¹)
287 2606 304 2632 9
330 2605 410 2633 Febr.
439 2607 506 2632 1637
535 2606 610 2634 card.
642 2606 732 2634 Biscia
760 2607 892 2635 transivit
920 2607 955 2635 ab
985 2608 1043 2636 ord.
1072 2608 1215 2636 diac.0rum
1245 2609 1280 2637 ad

177 2641 319 2676 pbr.0r¹¹m,
338 2642 366 2668 et
384 2642 494 2681 optavit
517 2641 549 2669 tt.
568 2642 595 2670 S.
616 2642 721 2670 Mariae
745 2643 778 2670 de
798 2642 906 2678 Populo
931 2644 989 2678 (AC
1009 2645 1041 2670 17
1066 2644 1092 2671 ff.
1114 2645 1280 2679 134‘—-135).

248 2677 268 2711 ²)
288 2677 321 2702 14
340 2676 407 2704 Mau
428 2677 496 2703 1655
520 2677 653 2704 transivit
676 2678 710 2705 ad
732 2678 789 2705 ord.
810 2678 1037 2714 presbyteralem,
1063 2681 1091 2707 et
1118 2680 1227 2715 optavit
1247 2682 1281 2708 tt.

178 2712 204 2739 S.
224 2711 330 2739 Mariae
351 2712 384 2739 de
406 2712 443 2739 Po
465 2712 512 2740 ulo
532 2712 590 2745 (AC
610 2714 643 2739 19
662 2713 680 2740 f.
699 2714 771 2747 262).

248 2748 270 2778 8)
290 2746 328 2774 Cf.
348 2721 512 2781 flumine,
532 2749 574 2781 38,
592 2749 635 2777 67.

249 2783 270 2814 ⁴)
290 2784 306 2808 2
325 2783 400 2817 Sept.
420 2783 488 2810 1597
508 2791 585 2810 conc.
605 2783 629 2811 ei
649 2783 714 2817 ind„
738 2785 769 2811 ut
789 2785 878 2820 possit
896 2785 1015 2813 retinere
1037 2787 1071 2814 tt.
1090 2786 1116 2814 S.
1135 2786 1281 2814 Susannae

178 2826 233 2845 una
253 2825 314 2845 cum
333 2819 366 2845 tt.
386 2818 411 2845 S.
432 2818 537 2845 Mariae
557 2818 793 2853 Transtiberinae,
813 2822 840 2847 et
861 2822 874 2847 1
889 2821 962 2856 Sept.
984 2822 1051 2848 1599
1070 2822 1128 2849 ind.
1143 2822 1280 2849 retinendi

178 2855 212 2880 tt.
231 2854 257 2880 S.
276 2854 419 2881 susannae
438 2862 487 2888 per
505 2854 595 2881 totuin
619 2863 644 2882 a.
664 2854 779 2882 iubilaei
800 2860 969 2891 prorogatur
991 2858 1026 2891 (8.
1047 2857 1092 2885 Br.
1112 2858 1163 2884 287
1183 2857 1201 2885 f.
1221 2859 1280 2892 29);

179 2888 278 2916 deinde
299 2889 331 2915 14
344 2889 415 2916 Nov.
436 2890 501 2916 1601
523 2891 550 2916 et
568 2890 598 2916 11
615 2890 678 2917 Dec.
700 2891 767 2917 1602
787 2890 859 2918 idem
879 2892 933 2919 ind.
954 2894 1124 2928 prorogatur
1144 2893 1178 2920 ad
1195 2893 1280 2921 alium

178 2932 204 2952 a.
223 2924 261 2958 (S.
282 2924 325 2951 Br.
344 2925 396 2950 314
417 2924 434 2951 f.
456 2925 506 2951 187
525 2925 553 2952 et
573 2925 625 2953 vol.
645 2926 696 2952 328
715 2925 733 2952 f.
752 2927 807 2960 86).

249 2961 271 2993 ⁵)
291 2960 355 2986 Cum
377 2968 432 2987 rev.
442 2968 501 2987 nius
523 2960 597 2987 card.
618 2960 690 2988 Deza
715 2961 804 2989 nollet
826 2963 924 2997 optare
948 2964 981 2990 tt.
1006 2964 1031 2991 S.
1052 2963 1158 2991 Mariae
1178 2964 1280 2992 Trans-

179 2995 300 3025 tiberim,
321 3003 381 3022 euni
401 2995 510 3030 optavit
529 2996 603 3023 card.
624 2996 657 3023 de
677 2996 820 3024 Florentia
840 2998 898 3032 (AC
919 2999 951 3025 13
970 2999 988 3027 f.
1009 3000 1079 3034 137).

250 3032 272 3065 ⁸)
292 3030 330 3057 Cf.
350 3030 511 3063 EuhelllP,
531 3032 573 3057 53.
604 3031 668 3058 Rev.
678 3040 738 3059 mus
752 3032 826 3060 card.
841 3033 874 3060 de
890 3034 1034 3068 Montalto,
1054 3035 1164 3062 nomine
1178 3036 1280 3063 rev.mi

180 3065 256 3094 card.
281 3065 456 3100 Montelparo
480 3066 595 3093 absenti..-
624 3075 640 3094 a
664 3067 776 3095 consist.
804 3068 972 3097 valetudinis
995 3078 1087 3103 causa,
1113 3070 1223 3106 optavit
1246 3072 1279 3098 tt.

181 3101 206 3128 S.
227 3101 332 3129 Mariae
351 3102 430 3129 trans
449 3101 569 3128 Tiberim
588 3102 645 3135 (AC
665 3103 698 3128 14
717 3102 734 3130 f.
754 3103 814 3137 95).

1341 365 1615 397 Bartholomaeus
1637 365 1774 396 Caesius
1797 364 1838 404 (Ι,
1866 364 1931 405 17),
1955 365 1992 396 tt.
2018 364 2049 397 S.
2073 364 2231 397 Praxedis
2254 365 2328 406 pbr.
2353 367 2452 405 card.,
2512 377 2514 379 ’

1474 411 1512 441 31
1532 409 1615 450 Aug.
1635 410 1720 441 1620
1742 408 1814 450 (AC
1835 410 1874 441 15
1891 409 1913 440 f.
1933 409 2022 450 148),
2046 410 2084 441 tr.
2111 410 2153 441 ad
2177 410 2213 442 tt.
2232 410 2264 441 S.
2282 410 2453 443 Laurentii

1462 454 1506 491 ‚in
1531 454 1610 486 Luc.
1634 455 1674 486 29
1699 454 1790 485 Mart.
1819 454 1912 486 1621.

1340 499 1525 531 Bonifatius
1549 498 1750 539 Bevilacqua
1774 498 1813 540 (I,
1838 499 1905 540 22),
1930 500 1967 530 tt.
1993 499 2024 529 S.
2046 498 2133 530 retri
2157 499 2197 530 ad
2218 499 2355 532 Vincula
2379 500 2451 541 pbr.

1472 544 1571 583 card.,
1597 544 1637 575 29
1655 543 1748 574 Mart.
1769 544 1848 575 1621
1869 543 1944 583 (AM
1962 543 2004 574 38
2021 544 2041 575 f.
2060 543 2150 585 321),
2174 545 2214 575 tr.
2235 544 2277 575 ad
2294 544 2450 577 Sabinen.

1472 589 1512 619 27
1538 588 1629 628 Sept.
1658 588 1750 620 1623.

1340 633 1533 664 Franciscus
1558 632 1791 664 Dietrichstein
1815 632 1855 673 (Ι,
1881 632 1947 672 28),
1972 634 2008 664 11.
2034 633 2067 666 S.
2092 632 2242 664 Silvestri
2267 633 2301 664 in
2325 633 2452 674 Capite,

1472 678 1512 708 27
1543 677 1635 718 Sept.
1668 678 1752 709 1623
1785 677 1856 718 (AC
1888 678 1925 709 15
1956 676 1976 708 s.
2001 677 2093 718 217),
2121 677 2140 719 †
2165 678 2206 709 23
2235 678 2324 719 Sept.
2356 679 2451 711 1636.

1340 721 1442 753 Iulius
1459 721 1610 753 Sabellus
1628 721 1701 761 (III,
1719 721 1784 762 39),
1809 723 1846 753 tt.
1871 722 1904 753 S.
1922 721 2064 753 Sabinae
2088 722 2160 762 pbr.
2185 722 2284 761 card.,
2312 723 2351 755 10
2367 722 2450 757 Nov.

1475 767 1558 798 1636
1576 766 1648 807 (AC
1668 767 1705 798 17
1725 766 1745 798 f.
1768 767 1854 808 125),
1872 768 1911 798 tr.
1930 767 1971 798 ad
1989 766 2167 798 Tusculan.
2186 768 2226 798 28
2244 767 2339 799 Mart.
2356 767 2449 800 1639.

1340 810 1447 842 Guido
1480 810 1673 842 Bentivolus
1705 810 1778 851 (ΙΙΙ,
1812 811 1880 852 52),
1914 812 1953 843 tt.
1988 811 2021 842 S.
2053 811 2211 843 Praxedis
2244 811 2316 852 pbr.
2350 812 2451 852 card.,

1472 856 1514 887 28
1539 855 1631 887 Mart.
1660 856 1743 887 1639
1773 855 1851 896 (AM
1876 856 1916 887 39
1942 855 1962 889 f.
1989 856 2079 897 353),
2107 856 2146 887 tr.
2176 856 2218 887 ad
2245 856 2450 889 Praenestin.

1474 902 1487 931 1
1515 899 1573 931 Iul.
1601 901 1695 932 1641.

1340 944 1478 976 Cosmus
1512 945 1552 976 de
1583 944 1701 977 Torres
1735 945 1803 985 (IV,
1834 946 1880 986 8),
1915 942 1951 976 tt.
1986 945 2018 976 S.
2047 944 2213 977 Pancratii
2245 945 2317 986 pbr.
2351 945 2450 986 card.,

1476 991 1489 1020 1
1516 989 1575 1020 Iul.
1604 989 1685 1021 1641
1711 989 1784 1030 (AC
1811 991 1851 1022 18
1876 989 1896 1021 f.
1923 991 1990 1030 57),
2015 991 2036 1029 †
2063 990 2078 1022 1
2104 989 2180 1022 Maii
2206 990 2299 1022 1642.

1341 1033 1505 1065 Antonius
1522 1033 1725 1065 Barberinus
1741 1036 1842 1065 senior
1858 1034 1910 1075 (V,
1928 1035 1974 1075 2),
1996 1035 2032 1066 tt.
2051 1034 2083 1066 S.
2102 1034 2193 1066 Petri
2209 1034 2251 1066 ad
2267 1034 2360 1067 Vinc.
2377 1034 2449 1076 pbr.

1471 1079 1568 1118 card.,
1592 1079 1633 1110 26
1651 1078 1727 1110 Maii
1746 1080 1829 1111 1642
1847 1078 1919 1120 (AC
1939 1079 1979 1111 18
1996 1078 2016 1110 f.
2037 1079 2124 1120 108),
2149 1079 2169 1119 †
2187 1080 2223 1111 ll
2244 1078 2335 1120 Sept.
2355 1080 2450 1112 1646.

1339 1121 1514 1154 Federicus
1549 1123 1723 1155 Cornelius
1760 1124 1812 1165 (V,
1851 1123 1917 1164 11),
1957 1124 1994 1155 11.
2031 1123 2064 1154 S.
2100 1123 2200 1156 Marci
2238 1123 2310 1165 pbr.
2350 1124 2451 1164 card.,

1473 1169 1512 1199 19
1538 1167 1620 1200 Nov.
1649 1167 1772 1209 1646,¹)
1797 1170 1836 1201 tr.
1861 1168 1903 1199 ad
1927 1168 2091 1200 Albanen.
2117 1169 2158 1200 29
2183 1168 2263 1210 Apr.
2290 1169 2385 1200 1652.

1339 1211 1442 1243 Iulius
1481 1212 1655 1244 Sachettus
1695 1212 1748 1253 (V,
1785 1214 1849 1253 12),
1890 1214 1927 1244 tt.
1966 1213 1998 1244 S.
2033 1212 2206 1245 Susannae
2242 1213 2315 1254 pbr.
2352 1214 2450 1254 card.,

1471 1257 1512 1288 29
1546 1257 1624 1298 Apr.
1660 1257 1743 1289 1652
1776 1257 1855 1298 (AM
1888 1257 1932 1289 40
1964 1257 1985 1289 f.
2020 1257 2106 1297 197),
2139 1258 2178 1290 tr.
2212 1258 2254 1290 ad
2287 1257 2449 1290 Albanen.

1471 1302 1512 1333 23
1537 1302 1627 1343 Sept.
1656 1302 1748 1336 1652.

1338 1346 1477 1377 Martius
1501 1345 1654 1378 Ginettus
1679 1346 1729 1387 (V,
1754 1347 1820 1387 19),
1845 1347 1882 1379 tt.
1907 1347 1939 1378 S.
1965 1346 2054 1378 Petri
2079 1347 2121 1379 ad
2137 1346 2227 1378 Vinc.
2252 1347 2325 1388 pbr.
2349 1347 2450 1387 card.,

1471 1391 1512 1422 23
1546 1391 1634 1432 Sept.
1672 1392 1754 1423 1652
1789 1391 1856 1431 (AC
1892 1392 1931 1423 19
1965 1391 1985 1423 f.
2019 1392 2108 1432 218),
2141 1393 2181 1423 tr.
2215 1392 2257 1423 ad
2285 1391 2449 1425 Albanen.

1470 1435 1490 1466 9
1514 1435 1585 1466 Iun.
1613 1436 1707 1467 1653.

1339 1478 1559 1517 Hieronymus
1592 1479 1755 1512 Columna
1785 1481 1835 1520 (V,
1864 1481 1930 1521 25),
1962 1482 1998 1512 tt.
2029 1480 2061 1512 S.
2091 1480 2243 1513 Silvestri
2270 1480 2305 1513 in
2332 1480 2449 1522 Capite
2494 1510 2497 1512 ,

1469 1524 1541 1564 pbr.
1567 1525 1667 1564 card.,
1696 1525 1715 1556 9
1740 1525 1811 1557 Iun.
1839 1526 1922 1558 1653
1951 1525 2021 1564 (AC
2048 1526 2087 1557 19
2112 1525 2133 1556 f.
2158 1525 2250 1567 230),
2279 1526 2320 1557 tr.
2345 1526 2387 1558 ad
2410 1526 2447 1558 tt.

1469 1569 1501 1600 S.
1528 1569 1695 1601 Laurentii
1719 1569 1754 1601 in
1778 1570 1855 1601 Luc.
1880 1571 1920 1602 21
1947 1570 2027 1611 Apr.
2055 1570 2149 1602 1659.

1337 1613 1479 1644 Ioannes
1504 1613 1599 1654 Bapt.
1625 1614 1768 1646 Pallotta
1792 1614 1845 1656 (V,
1869 1615 1936 1656 34),
1960 1615 1998 1646 tt.
2023 1614 2056 1646 S.
2081 1614 2170 1646 Petri
2193 1614 2236 1647 ad
2258 1614 2350 1647 Vinc.
2374 1615 2449 1656 pbr.

1469 1659 1567 1698 card.,
1604 1659 1642 1690 21
1677 1659 1756 1700 Apr.
1792 1660 1876 1691 1659
1911 1659 1984 1700 (AC
2019 1660 2062 1691 20
2096 1659 2117 1690 f.
2155 1659 2222 1700 77),
2257 1660 2298 1691 tr.
2333 1659 2376 1692 ad
2411 1660 2448 1692 tt.

1470 1703 1501 1734 S.
1528 1703 1695 1735 Laurentii
1721 1703 1755 1734 in
1779 1703 1865 1736 Luc.'
1883 1705 1923 1736 21
1949 1703 2031 1735 Nov.
2059 1704 2154 1735 1661.

1337 1746 1512 1778 Uldericus
1537 1748 1577 1779 de
1602 1748 1766 1789 Carpinea
1790 1748 1839 1788 (V,
1864 1749 1932 1789 41),
1958 1750 1993 1780 tt.
2020 1749 2053 1780 S.
2079 1748 2170 1780 Petri
2193 1748 2236 1781 ad
2259 1749 2350 1781 Vinc.
2373 1749 2447 1790 pbr.

1467 1792 1568 1831 card.,
1593 1793 1633 1824 21
1653 1793 1734 1825 Nov.
1755 1793 1837 1825 1661
1864 1793 1934 1833 (AC
1951 1794 1994 1826 20
2010 1793 2031 1825 f.
2051 1793 2139 1834 167),
2164 1794 2204 1825 tr.
2225 1793 2268 1826 ad
2284 1793 2447 1826 Albanen.

1470 1838 1508 1868 11
1533 1836 1604 1868 Oct.
1633 1838 1726 1870 1666.

1336 1879 1493 1912 Nicolaus
1518 1880 1935 1922 Albergatus-Ludovisius
1960 1883 2028 1923 (VI,
2054 1882 2098 1922 5),
2124 1883 2161 1914 tt.
2187 1882 2219 1914 S.
2238 1882 2362 1915 Mariae
2379 1883 2447 1915 An-

1467 1927 1613 1965 gelorum
1644 1927 1715 1966 pbr.
1743 1927 1841 1967 card.,
1873 1929 1910 1959 11
1937 1926 2010 1958 001.
2038 1927 2122 1959 1666
2146 1927 2220 1967 (AC
2244 1928 2284 1959 21
2310 1928 2331 1960 f.
2358 1927 2448 1969 131),

1467 1971 1506 2001 tr.
1532 1971 1573 2002 ad
1597 1972 1632 2002 tt.
1659 1971 1691 2003 S.
1719 1971 1887 2004 Laurentii
1912 1972 1946 2003 in
1971 1972 2050 2004 Luc.
2080 1972 2117 2004 19
2142 1971 2214 2004 Oct.
2241 1972 2335 2004 1676.

1725 2068 1755 2101 S.
1781 2067 1903 2102 Mariae
1928 2068 1963 2102 in
1988 2068 2060 2102 Via.

1306 2145 1309 2175 1
1336 2139 1459 2171 Silvius
1484 2140 1638 2171 Sabellus
1663 2141 1704 2181 (Ι,
1729 2141 1776 2181 5),
1801 2141 1884 2181 patr.
1910 2140 2281 2182 Constantinopolitan.,
2310 2142 2350 2174 21
2375 2141 2447 2174 Iun.

1471 2185 1564 2222 1596,
1594 2185 1612 2224 †
1637 2186 1677 2216 22
1702 2185 1770 2217 Ian.
1799 2186 1892 2217 1599.

1337 2228 1503 2260 Robertus
1528 2228 1747 2261 Bellarminus
1777 2230 1816 2271 (I,
1843 2230 1910 2271 30),
1943 2231 1980 2262 17
2007 2230 2098 2263 Mart.
2124 2229 2251 2272 1599,²)
2279 2231 2319 2262 tr.
2345 2230 2387 2262 ad
2409 2231 2446 2263 tt.

1468 2273 1500 2304 S.
1527 2273 1685 2305 Praxedis
1711 2275 1750 2306 31
1777 2274 1859 2315 Aug.
1888 2275 1982 2306 1620.

1336 2317 1526 2358 Stephanus
1543 2318 1746 2359 Pignatellus
1763 2319 1837 2360 (III,
1852 2320 1918 2359 59),
1936 2319 2044 2360 proth.
2064 2320 2182 2359 apost„
2200 2320 2219 2351 3
2235 2319 2332 2352 Mart.
2352 2321 2447 2359 1621,
2504 2318 2515 2348 5

1336 2363 1492 2447 Aegidiuiks
1513 2363 1663 2439 lgaifilllgs
1687 2364 1909 2439 liglssbpiirnotius
1938 2408 1989 2449 (V,
2019 2407 2085 2450 21),
2115 2408 2265 2449 Hispan„
2296 2409 2336 2441 12
2361 2408 2446 2450 Aug.
2506 2420 2512 2427 .

1470 2451 1565 2489 1630,
1582 2452 1621 2483 tr.
1640 2452 1682 2483 ad
1698 2453 1734 2483 tt.
1752 2452 1784 2483 S.
1800 2452 1890 2484 Petri
1907 2452 1941 2484 in
1958 2453 2071 2484 Monte
2087 2452 2198 2484 Aureo
2215 2454 2234 2484 2
2251 2453 2335 2494 Aug.
2351 2453 2446 2486 1643.

1336 2495 1529 2527 Franciseus
1545 2495 1692 2537 Angelus
1710 2492 1929 2537 Rapacciolus
1953 2497 2005 2538 (V,
2023 2499 2090 2538 67),
2116 2497 2285 2536 Narnien.,
2311 2498 2353 2530 14
2370 2498 2460 2530 Dec.⁴
2503 2497 2516 2537 ᾗ

1471 2540 1593 2579 1643,3)
1617 2541 1655 2572 tr.
1682 2541 1724 2572 ad
1748 2543 1785 2573 tt.
1811 2541 1842 2573 S.
1868 2541 2029 2573 Caeciliae
2054 2543 2094 2574 21
2120 2541 2202 2574 Nov.
2230 2542 2324 2574 1650.

1336 2584 1474 2616 Carolus
1489 2585 1666 2616 Rossettus
1680 2585 1731 2626 (V,
1745 2586 1814 2627 64),
1828 2587 1866 2618 tt.
1882 2585 1913 2617 S.
1928 2586 2081 2618 Caesarei
2093 2587 2193 2626 card.,
2210 2586 2250 2618 18
2262 2586 2346 2627 Aug.
2361 2587 2445 2619 1653

1467 2629 1538 2668 (AC
1557 2630 1596 2661 19
1622 2629 1641 2660 f.
1660 2631 1750 2670 234),
1774 2631 1813 2661 tr.
1839 2630 1881 2662 ad
1904 2631 1940 2661 tt.
1966 2631 1999 2662 S.
2017 2631 2168 2662 Silvestri
2192 2631 2211 2662 9
2233 2631 2326 2663 Mart.
2349 2631 2444 2663 1654.
2517 2655 2518 2658 ¹

1336 2673 1531 2704 Franciscus
1548 2673 1692 2705 Albitius
1717 2674 1782 2714 (VI,
1800 2676 1866 2714 36),
1891 2675 1954 2706 utr.
1979 2675 2062 2715 sign.
2083 2675 2152 2715 ref,
2177 2675 2219 2706 23
2236 2675 2329 2707 Mart.
2349 2676 2445 2716 1654,
2501 2713 2503 2716 ,

1467 2718 1506 2748 tr.
1532 2718 1573 2749 ad
1597 2719 1633 2749 tt.
1659 2718 1717 2750 SS.
1741 2718 1783 2750 IV
1808 2719 1962 2752 Coronat.
1987 2720 2030 2751 24
2053 2719 2135 2760 Aug.
2163 2720 2256 2752 1671.
2498 2730 2503 2735 ’·

1409 2823 1426 2857 ¹)
1447 2823 1480 2849 19
1499 2822 1570 2850 Nov.
1590 2823 1658 2849 1646
1677 2823 1752 2851 card.
1773 2823 1918 2851 Cornelius
1937 2824 2048 2860 optavit
2067 2825 2099 2852 tt.
2120 2825 2146 2852 S.
2160 2824 2267 2853 Mariae
2286 2825 2366 2853 trans
2383 2824 2444 2853 Tib.
2499 2850 2501 2855 .

1335 2865 1396 2885 cuni
1418 2858 1469 2886 ret.
1482 2858 1669 2886 habitationis
1683 2858 1711 2886 in
1731 2859 1839 2894 palatio
1853 2860 1879 2887 S.
1893 2859 1982 2887 Marci
2003 2860 2036 2888 de
2049 2868 2186 2889 consensu
2205 2869 2261 2888 rev.
2269 2860 2308 2888 mi
2323 2860 2355 2888 D.
2369 2860 2445 2889 card.

1336 2893 1492 2928 Bragadini
1511 2894 1570 2928 (AC
1590 2894 1623 2921 19
1642 2894 1660 2922 f.
1680 2895 1734 2929 75).

1407 2930 1416 2944 ²
1452 2930 1464 2955 1
1490 2928 1551 2956 Iun.
1579 2930 1647 2957 1605
1676 2929 1752 2957 card.
1781 2930 1969 2958 Bellarminus
1998 2931 2108 2966 optavit
2136 2933 2169 2959 tt.
2198 2932 2224 2960 S.
2248 2931 2387 2959 Matthaei
2415 2931 2444 2959 in
2500 2951 2503 2953 >

1335 2930 1481 2991 Meruiana
1506 2964 1555 2992 sed
1581 2965 1706 2993 eumdem
1731 2966 1765 2993 tt.
1791 2974 1935 3001 nunquam
1959 2966 2078 3001 adeptus
2104 2968 2155 3001 est,
2183 2968 2211 2995 et
2233 2967 2351 2995 201un.
2375 2967 2445 2994 1605
2500 2984 2503 2989 .

1335 3000 1410 3027 card.
1430 2999 1539 3035 Zapata
1557 3000 1668 3035 optavit
1687 3000 1794 3028 dictum
1812 3002 1846 3029 tt.
1866 3004 1893 3029 S.
1912 3002 2051 3030 Matthaei
2070 3002 2138 3037 (AM
2157 3004 2191 3029 25
2211 3002 2239 3030 ff.
2259 3003 2291 3036 1⁴,
2311 3004 2357 3038 2¹).
2501 3014 2507 3021 ..

1334 3070 1376 3098 Ra
1398 3035 1531 3098 ggcsspud
1550 3035 1596 3062 AC
1617 3036 1650 3062 18
1669 3035 1686 3063 f.
1708 3037 1766 3063 179¹
1792 3040 1819 3064 et
1839 3037 1893 3064 AM
1912 3039 1947 3064 39
1966 3037 1985 3065 f.
2004 3039 2056 3064 413
2080 3046 2194 3066 erronee
2215 3038 2318 3066 dicitur
2343 3038 2444 3066 canili
2500 3036 2513 3067 ἴ*

1331 3078 1435 3141 perptr.
1454 3107 1527 3132 carel.
1547 3106 1700 3133 Albornotii
1717 3108 1753 3133 ad
1771 3111 1799 3133 tt.
1819 3108 1848 3134 S.
1868 3108 1944 3135 Petri
1961 3110 1988 3135 in
2007 3109 2095 3136 Monte
2114 3110 2213 3137 Aureo.

1489 3078 1505 3097 o
1524 3071 1699 3105 assignatum
1713 3071 1798 3099 fuisse
1818 3072 1935 3100 titulum
1954 3073 2088 3101 ecclesiae
2108 3074 2138 3101 S.
2157 3074 2261 3101 Mariae
2283 3074 2371 3101 Novae
2385 3082 2444 3100 vac.
