2528 3444
107 377 113 383 .
139 354 213 383 decr
217 376 341 382 .....
369 362 473 390 repar.
500 354 583 382 doni.
609 354 712 391 epalis
740 368 767 380 Ξ
796 363 866 383 cum
892 356 1030 390 decreto.
1056 356 1142 392 quod

169 399 282 427 domus
306 398 499 435 episcopalis
525 399 719 434 reparationi
743 407 801 435 pro
824 399 947 428 viribus
972 401 1143 434 incumbat,

169 443 239 471 eius
266 443 491 471 conscientiam
520 443 551 470 in
577 443 634 471 hoc
662 443 835 472 onerando.

100 513 115 532 ·.
144 505 226 533 decr.
251 527 256 532 .
281 527 286 531 .
310 527 315 532 .
340 526 345 532 .
379 504 438 532 NN.
469 506 544 533 scut.
576 504 641 539 (rel
670 504 739 534 duc.
768 505 839 540 etc.)
870 513 974 541 repar.
1003 505 1141 534 cathedr.

172 549 237 584 (rel
266 549 349 577 dom.
379 548 494 585 epalis)
528 562 555 574 Ξ
587 557 655 577 cum
685 549 823 579 decreto.
852 550 937 585 quod
967 558 1024 586 pro
1053 558 1144 586 repa-

170 594 291 622 ratione
315 593 469 622 ecclesiae
493 592 687 622 cathedralis
711 593 776 628 (vel
798 594 912 622 domus
933 594 1141 630 episcopalis)

170 638 318 665 teneatur
349 637 534 672 expendere
570 636 630 664 NN.
664 639 823 666 scutorum
859 637 925 672 (vel
956 637 1143 667 ducatorum

169 681 240 716 etc.)
277 680 411 716 singulis
445 681 548 711 annis.
582 681 683 709 donec
717 681 862 710 eiusdem
898 682 1144 710 necessitatibus

169 723 266 753 fuerit
302 723 503 753 sufficienter
538 724 712 760 provisum,
747 725 829 754 alias
863 733 920 761 pro
956 725 1039 755 dicta
1076 727 1144 754 rata

171 768 289 796 fructus
318 776 392 796 snos
420 776 480 795 non
511 768 614 799 iaciat.
641 769 806 797 onerando
834 770 865 797 in
891 769 949 797 hoc
976 770 1046 798 eius
1073 778 1144 798 con-

169 812 371 847 scientiam.')

91 882 114 901 c.
139 872 213 901 decr
216 896 346 903 .....
373 882 436 904 rac.
464 882 544 902 mon.
571 875 619 902 vel
643 877 748 902 can.'¹¹s
773 876 830 905 etc.
856 887 883 901 Ξ
910 884 978 903 cum
1006 876 1143 907 decreto,

169 918 254 953 quod
281 925 338 954 per
365 917 548 946 huiusmodi
577 919 794 954 provisionem
821 919 1051 948 monasterium
1082 919 1143 947 NN.

169 961 220 990 vel
250 962 454 990 canonicatus
484 964 541 990 etc.
571 970 610 990 eo
641 963 709 998 ipso
740 964 839 995 vacet,
870 964 901 991 et
930 971 1043 991 vacare
1074 971 1144 991 cen-

169 1006 286 1034 seatnr.

109 1090 115 1095 .
139 1066 219 1103 disp,
243 1093 248 1097 ,
273 1090 279 1095 .
302 1093 307 1098 ,
332 1091 337 1095 .
363 1069 422 1096 aet.
450 1081 474 1093 Ξ
504 1076 572 1095 cum
600 1067 841 1103 dispensatione
866 1077 962 1104 snper
986 1078 1033 1099 eo.
1057 1068 1142 1105 quod

168 1112 208 1140 ad
228 1113 366 1140 aetatem
387 1112 572 1140 canonicam
587 1112 667 1147 (scil.
680 1112 717 1140 30
728 1120 885 1140 annorum
897 1112 1142 1148 completorum)

169 1155 309 1184 nondum
334 1157 528 1191 pervenerit.

91 1225 115 1246 c.
134 1217 206 1254 disp
209 1239 316 1246 .....
335 1217 454 1253 gradus
476 1231 501 1243 Ξ
524 1226 593 1246 cum
614 1218 856 1254 dispensatione
876 1226 974 1254 super
991 1226 1040 1254 ec),
1058 1218 1144 1255 quod

169 1261 257 1289 nullo
280 1261 380 1298 gradu
407 1261 588 1290 doctoratus
613 1262 739 1297 polleat.

164 1375 181 1409 ¹)
204 1375 257 1402 Die
276 1376 309 1403 ‘20
333 1376 410 1409 Sept.
433 1376 499 1402 1627
521 1376 640 1402 liabetur
660 1377 710 1402 hoc
731 1376 872 1402 decretum
893 1377 928 1403 ad
949 1383 1020 1403 rem:
1043 1376 1145 1407 ‚,S.¹¹·=¹⁸

94 1420 235 1447 Dominus
262 1419 428 1450 declaravit,
456 1422 538 1453 quod.
566 1421 681 1453 quando
708 1421 839 1449 decernit.
868 1424 893 1448 ct
922 1421 1043 1454 imponit
1071 1429 1144 1447 onus

91 1464 242 1498 episcopis,
264 1468 293 1491 ut
315 1468 423 1499 partein
446 1465 574 1498 aliquam
596 1465 740 1491 fructuum
762 1473 879 1492 mensae
900 1465 1073 1499 episcopalis
1095 1465 1146 1491 im-

93 1509 216 1542 pendant
236 1516 287 1542 pro
307 1508 490 1542 reparatione
509 1508 654 1538 ccclesiae,
675 1517 725 1535 seu
748 1510 895 1536 structura
916 1510 1017 1536 domus
1038 1508 1145 1542 episco-

92 1552 175 1585 palis.
202 1552 344 1586 intelligit,
370 1554 444 1587 quod
469 1553 595 1587 episcopi
621 1553 830 1587 praescriptam
856 1554 1043 1587 pecuniarum
1069 1560 1146 1580 sum-

93 1604 167 1623 mam
186 1597 347 1630 impendere
365 1598 517 1623 teneantur
536 1598 612 1624 ultra
631 1598 658 1624 id
676 1598 750 1631 quod
768 1598 800 1624 de
818 1597 880 1623 iure
899 1605 930 1624 ac
949 1597 976 1623 vi
995 1605 1145 1624 sacrarum

94 1640 341 1667 constitutionum
369 1641 532 1673 pcrsolvcre
558 1642 675 1668 omnino
703 1642 827 1668 ‹lebent“.
883 1642 942 1675 (AC
972 1643 1002 1668 16
1029 1642 1046 1668 f.
1073 1641 1143 1673 2077

1153 248 1241 289 Sigla

2292 249 2332 279 xl

1253 363 1276 383 c.
1301 354 1372 391 disp
1377 377 1500 383 .....
1523 356 1587 383 nat.
1611 354 1698 384 haer.
1724 368 1751 381 Ξ
1778 363 1847 384 cum
1871 355 2112 391 dispensatione
2136 363 2235 392 super
2255 363 2305 389 eo,

1332 400 1418 435 quod
1436 401 1484 428 est
1501 407 1542 428 ex
1560 399 1750 435 parentibus
1768 399 1938 428 haereticis
1956 401 2060 435 natus,
2077 401 2109 429 et
2127 400 2159 428 in
2176 400 2305 429 haeresi

1331 444 1495 472 educatus.

1254 496 1277 516 c.
1298 487 1370 523 disp
1373 509 1489 515 .....
1510 487 1605 516 natal.
1629 500 1656 513 Ξ
1680 495 1750 516 cum
1771 487 2013 524 dispensatione
2034 496 2132 524 super
2152 496 2199 523 eo,
2220 488 2306 524 quod

1332 539 1396 559 non
1420 533 1469 560 est
1492 539 1532 560 ex
1556 531 1710 568 legitimis
1733 531 1895 561 natalibus
1918 533 2021 561 natus.

1254 584 1277 604 c.
1302 574 1373 611 disp
1377 597 1506 606 .....
1531 583 1608 603 sacr.
1631 576 1697 605 ord.
1725 589 1751 601 Ξ
1776 585 1846 604 cum
1871 576 2112 612 dispensatione
2137 585 2233 613 snper
2258 586 2305 608 eo.

1332 619 1419 655 quod
1445 627 1509 647 non
1536 622 1584 649 est
1611 620 1643 647 in
1670 620 1770 649 sacris
1796 620 1964 649 ordinibus
1991 622 2065 649 ante
2092 628 2151 649 sex
2177 628 2306 650 menses

1333 663 1530 692 constitutus.

1255 715 1278 735 c.
1298 706 1351 734 ind
1355 729 1459 735 .....
1477 715 1561 736 cons.
1579 715 1628 743 ep.
1646 708 1677 736 et
1694 708 1710 735 2
1727 707 1812 744 dign.
1832 721 1859 733 Ξ
1881 716 1950 736 cum
1969 708 2091 737 indulto
2109 707 2306 744 suscipiendi

1332 751 1605 779 consecrationem
1633 751 1674 779 ab
1701 752 1794 780 unico
1822 752 1963 781 antistite
1990 760 2101 781 earum
2129 752 2307 788 regionunn

1333 794 1559 823 assistentibus
1586 795 1711 823 duobus
1738 795 1925 831 dignitatem
1953 795 2201 825 ecclesiasticam
2228 795 2308 824 obti-

1332 840 1493 869 uentibus.

1255 893 1278 914 c.
1299 884 1352 913 ind
1357 907 1465 915 .....
1483 884 1595 920 pontif.
1616 884 1647 912 in
1671 885 1731 913 NN.
1754 897 1781 910 Ξ
1804 893 1873 913 cuni
1895 884 2017 913 indulto
2037 885 2209 913 exercendi
2230 893 2305 920 pon-

1334 928 1465 957 tificalia
1484 930 1524 958 de
1543 929 1671 958 licentia
1689 930 1841 965 episcopi,
1860 929 1924 958 scil.
1944 928 2108 960 ordinarii.
2130 928 2158 957 in
2179 930 2307 958 civitate

1332 975 1364 1002 et
1386 973 1527 1002 dioecesi
1552 973 1613 1001 NN.

1254 1018 1361 1054 deput.
1381 1018 1480 1047 coadi.
1500 1026 1523 1047 c.
1543 1017 1563 1046 f.
1583 1027 1606 1047 s.
1628 1017 1689 1046 NN.
1711 1031 1738 1043 Ξ
1760 1017 1932 1053 deputatur
1950 1018 1982 1045 in
2000 1016 2218 1046 coadiutorem
2236 1024 2307 1045 cum

1333 1061 1438 1091 futura
1464 1063 1667 1091 successione
1692 1062 1843 1098 episcopo
1872 1061 1932 1089 NN.
1959 1061 2028 1090 seni
2054 1062 2085 1089 et
2110 1060 2308 1089 valetudina-

1334 1106 1390 1140 rio,
1414 1115 1448 1134 ac
1474 1107 1611 1142 ipsomet
1633 1106 1784 1141 episcopo
1808 1106 1947 1141 petente.

1254 1149 1361 1186 deput.
1382 1149 1472 1178 suffr.
1496 1149 1556 1178 NN.
1576 1149 1617 1178 ad
1636 1148 1748 1185 pontif.
1771 1162 1798 1175 Ξ
1821 1149 1993 1185 deputatur
2012 1149 2045 1177 in
2064 1147 2307 1185 suffraganeum

1334 1194 1399 1222 scil.
1425 1194 1617 1222 auxiliarem
1644 1194 1795 1230 episcopo
1822 1193 1882 1221 NN.
1908 1193 1948 1222 ad
1974 1193 2156 1222 exercenda
2180 1191 2309 1229 pontifi-

1334 1238 1414 1267 calia
1433 1238 1473 1268 de
1493 1238 1622 1267 licentia
1642 1238 1788 1267 eiusdem
1808 1238 1952 1273 episcopi
1972 1238 2005 1265 in
2024 1237 2151 1266 civitate
2171 1238 2202 1265 et
2222 1236 2309 1265 dioe-

1334 1282 1397 1310 cesi
1421 1282 1577 1317 praedicti
1599 1282 1751 1318 episcopi.

1254 1338 1319 1357 non
1337 1329 1437 1358 exced
1441 1352 1565 1358 .....
1585 1330 1637 1358 3⁰¹¹·
1659 1330 1733 1365 (vel.
1750 1330 1819 1365 ulam)
1840 1329 1876 1357 fr.
1898 1343 1924 1355 Ξ
1946 1330 1979 1358 ut
1995 1337 2108 1358 omnes
2124 1329 2308 1365 pensiones,

1334 1374 1430 1402 etiam
1459 1375 1622 1410 antiquae.
1651 1374 1782 1403 insimul
1809 1382 1873 1402 non
1901 1374 2059 1403 excedant
2086 1374 2212 1402 tertiam
2243 1372 2309 1408 (vel

1334 1418 1495 1454 quartam)
1522 1419 1646 1454 partem
1673 1417 1842 1447 fructuum.

1259 1474 1375 1496 reserx.
1395 1474 1483 1502 pens.
1506 1467 1566 1495 NN.
1587 1476 1643 1502 pro
1661 1475 1744 1503 pers.
1762 1466 1967 1495 nominandis
1989 1479 2016 1492 Ξ
2039 1466 2214 1495 reservatio
2234 1474 2308 1502 pen-

1335 1511 1435 1539 sionis
1458 1519 1515 1540 seu
1537 1511 1729 1547 pensionum
1756 1510 1817 1539 NN.
1839 1518 1897 1547 pro
1919 1518 2058 1547 persona
2081 1518 2139 1540 seu
2161 1510 2310 1546 personis

1334 1554 1555 1590 nominandis3
1594 1562 1677 1591 quae
1715 1554 1916 1583 abbreviatio
1954 1555 2050 1583 etiam
2089 1553 2153 1591 legi
2190 1555 2310 1590 potest;

1335 1598 1577 1634 reserra(n)tur
1601 1597 1806 1634 pensiomes)
1834 1606 1891 1634 pro
1915 1606 2054 1634 persona
2079 1606 2136 1627 seu
2161 1598 2310 1634 personis

1335 1642 1548 1671 nominandis.

426 1846 476 1878 11.
501 1845 865 1879 Abbreviationes
892 1845 1088 1878 Fontium
1114 1845 1158 1877 in
1183 1844 1417 1878 Tabula-rio
1442 1845 1654 1878 Vaticano
1679 1845 1970 1878 existentium.

97 1944 149 1973 AC
170 1957 197 1970 Ξ
221 1944 297 1973 Acta
317 1944 493 1973 Camerarii
514 1944 600 1973 Sacri
621 1944 755 1981 Collegii
773 1943 802 1972 S.
821 1943 854 1972 R.
874 1943 906 1972 E.
927 1943 1146 1973 Cardinalium

96 1987 132 2016 A.
157 1988 249 2017 Cons.
277 2001 303 2014 Ξ
334 1988 410 2017 Acta
437 1988 702 2025 Congregationis
726 1987 965 2017 Consistorialis

96 2031 158 2060 ΑΜ
183 2045 210 2058 Ξ
239 2032 315 2061 Acta
344 2032 549 2061 Miscellanea

98 2075 153 2104 Av
178 2089 204 2102 Ξ
230 2076 306 2104 Acta
330 2076 592 2104 Vicecancellarii
614 2076 643 2104 S.
665 2075 699 2103 R.
722 2075 753 2104 E.

95 2119 256 2157 Borghese
334 2120 442 2149 Fondo
466 2119 629 2157 Borghese

96 2164 149 2201 Ep.
170 2165 211 2194 ad
232 2165 332 2194 Princ.
354 2178 381 2191 Ξ
405 2165 568 2201 Epistolae
588 2165 628 2194 ad
649 2165 812 2201 Principes

98 2209 189 2238 Instr.
209 2209 362 2247 Burghes.
386 2223 412 2236 Ξ
438 2210 653 2239 Instrumenta
673 2209 893 2246 Burghesiana

98 2253 189 2283 lustr.
214 2253 298 2283 Misc.
322 2267 349 2280 Ξ
374 2254 590 2284 Instrumenta
615 2254 819 2283 Miscellanea

101 2297 184 2327 Misc.
211 2298 296 2327 Arm.
324 2312 350 2325 Ξ
382 2299 658 2327 Miscellaneoruni
685 2299 866 2327 Armarinm

1259 1942 1445 1972 Particolari
1470 1956 1497 1969 Ξ
1525 1943 1651 1972 Lettere
1670 1944 1704 1972 di
1730 1943 1914 1972 Particolari

1260 1986 1291 2014 P.
1310 1986 1402 2015 Cons.
1425 2000 1451 2013 Ξ
1474 1987 1647 2016 Processus
1665 1987 1894 2023 Episcoporum
1913 1986 2028 2016 Sacrae
2047 1987 2312 2025 Congregationis

1338 2030 1577 2059 Consistorialis

1259 2074 1289 2102 P.
1315 2074 1384 2103 Dat.
1405 2088 1432 2100 Ξ
1456 2075 1628 2103 Processus
1647 2075 1876 2111 Episcoporum
1896 2075 2047 2105 Datariae
2068 2075 2271 2112 Apostolicae

1340 2119 1501 2156 (sequitur
1523 2128 1627 2149 annus
1651 2127 1748 2157 quem
1774 2119 1925 2148 volumen
1949 2119 2179 2156 complectitur)

1257 2163 1286 2193 S.
1311 2163 1360 2192 Br.
1388 2177 1415 2190 Ξ
1442 2163 1673 2193 Secretariatus
1698 2163 1848 2193 Brevium
1874 2163 2128 2200 Apostolicorum

1261 2208 1395 2237 Vescovi
1421 2221 1447 2234 Ξ
1473 2208 1601 2237 Lettere
1620 2208 1653 2237 di
1679 2208 1813 2237 Vescovi
1836 2217 1853 2237 e
1877 2208 1994 2237 Prelati

1261 2252 1395 2285 Vienna.
1422 2252 1507 2281 Proc.
1534 2266 1560 2278 Ξ
1588 2252 1775 2281 Nuntiatura
1804 2252 1956 2286 Viennae,
1982 2253 2152 2281 Processus

2179 3148 2236 3178 ΙΙ*
