2528 3444
1024 399 1309 464 Appendix
1346 400 1418 450 ΙΙ.

156 489 375 532 Dioceses
403 493 454 532 in
482 494 651 542 quibus
679 494 818 533 annis
846 494 1141 534 1592—1667
1171 494 1459 545 infrascripti
1486 496 1690 546 episcopi
1717 497 1933 536 titulares
1960 497 2281 546 suffraganeos

425 564 508 594 seu
535 555 790 594 auxiliares
819 556 898 595 vel
925 557 1054 595 vices
1081 560 1295 605 gerentes
1322 557 1372 596 in
1400 557 1745 607 pontificalibus
1772 558 2019 607 agebant.¹)

1095 687 1123 721 1.
1146 688 1194 722 In
1216 687 1341 723 Italia.

126 755 284 790 Albanen.
557 757 680 788 Marius
704 757 862 789 Antonini
887 758 1208 791 Neocaesarien.
1238 759 1320 791 1627

126 800 304 834 Bononien.
558 801 781 842 Hieronymus
806 802 931 843 Binago
956 802 1176 834 Laodicen.
1204 803 1287 835 1637

126 844 296 878 Brixinen.
558 845 718 886 Georgius
742 846 880 885 Benigni
905 846 1113 878 Bellinen.
1142 847 1226 878 1594
1249 866 1291 870 —
1315 847 1449 878 Simeon
1468 848 1660 879 Feuerstein
1685 848 1892 880 Bellinen.
1922 849 2005 880 1598
2028 868 2070 871 —
2096 849 2261 881 Antonius
2278 849 2358 880 Cro—

646 890 739 922 sinus
763 890 969 922 Bellinen.
999 892 1083 923 1624
1107 910 1148 914 —-
1173 891 1261 923 lesse
1285 891 1326 922 al.
1351 892 1470 932 Ioseph
1497 891 1673 924 Perohofer
1696 892 1901 924 Belliuen.
1931 894 2014 924 1648

127 932 272 967 Feltren.
559 934 721 966 Zerbinus
747 934 837 975 Lugo
861 935 939 966 olim
964 935 1276 976 Milopotamen.
1308 936 1523 968 1628-1639
1547 936 1601 973 (cf.
1626 936 1767 968 Feltren.
1792 947 1823 968 n.
1848 938 1884 978 4)

125 976 248 1012 ostien.
273 979 306 1009 et
329 977 428 1011 Velit.
559 978 750 1010 Vincentius
781 978 1021 1018 Quatrimanus
1053 979 1221 1012 Nicaen.
1256 980 1339 1011 1592
1372 998 1415 1003 -
1448 980 1595 1012 Iulianus
1620 981 1749 1012 Viviani
1781 981 1976 1013 Salonen.
2013 983 2095 1014 1629
2126 1001 2168 1005 —
2202 982 2359 1014 Camillus

645 1023 783 1055 Adriani
815 1023 1015 1055 Almiren.
1054 1024 1136 1055 1639
1170 1042 1212 1047 —
1246 1024 1434 1056 Alexander
1466 1024 1606 1065 Sperelli
1640 1025 1882 1057 Orthosien.
1919 1027 2000 1058 1642
2033 1045 2076 1049 —
2113 1027 2233 1058 Paulus
2265 1026 2360 1059 Ciera

647 1068 810 1099 Vestan.
841 1068 925 1099 1644
947 1086 990 1090 —
1014 1068 1180 1099 Antonius
1205 1068 1360 1100 Marinari
1385 1068 1604 1108 Tagasten.
1634 1071 1715 1101 1667

126 1109 334 1144 Praenestin.
558 1111 733 1152 Gregorius
757 1112 798 1143 de
821 1112 952 1144 Sanctis
976 1112 1227 1144 Salaminen.
1258 1113 1339 1144 1606

126 1153 354 1189 Ravennaten.
559 1155 701 1188 Basilius
726 1155 851 1187 Cacace
876 1156 1071 1196 Ephesin.
1102 1157 1184 1188 1625

118 1197 310 1234 Tridentin.
559 1200 677 1232 Petrus
701 1199 814 1232 Bellus
839 1200 1154 1241 Hierapolitan.
1182 1201 1263 1232 1611

898 1296 945 1330 H.
970 1297 1017 1330 In
1040 1297 1236 1340 Hispania
1259 1299 1300 1332 et
1324 1297 1539 1332 Lusitania.

126 1365 324 1399 Braeharen.
467 1366 470 1369 ’
557 1367 717 1408 Georgius
732 1367 916 1406 Queimada
932 1367 1100 1400 Fessen.
1121 1369 1204 1400 1599
1231 1387 1270 1392 —-
1296 1369 1463 1401 Antonius
1480 1369 1521 1401 de
1538 1369 1670 1401 Sanctis
1687 1369 1716 1400 N
1724 1369 1970 1401 icomedien.
1992 1371 2075 1401 1616
2099 1388 2141 1393 —
2166 1370 2360 1402 Franciseus

647 1412 688 1443 de
712 1412 809 1443 Faria
832 1412 1072 1452 Martyrien.
1101 1413 1185 1445 1640

126 1454 268 1497 Bnrgen.
558 1456 754 1488 Franciscus
778 1457 820 1488 de
836 1457 920 1489 Vera
944 1457 1182 1489 Madauren.
1214 1458 1295 1489 1603
1319 1475 1362 1479 —
1386 1456 1580 1498 Alphonsus
1596 1457 1760 1498 Enriquez
1785 1458 1999 1490 Sidonien.
2027 1459 2111 1490 1605
2135 1477 2177 1481 —
2202 1458 2361 1490 Melchior

646 1500 830 1541 Rodriguez
855 1501 896 1532 de
920 1500 1042 1532 Torres
1066 1501 1304 1533 Madauren.
1334 1501 1415 1532 1616
1440 1520 1482 1524 —
1508 1502 1626 1533 Petrus
1649 1502 1764 1534 Manso
1788 1503 1828 1534 de
1853 1503 1978 1543 Zuniga
2001 1503 2111 1534 Aure
2122 1513 2151 1534 n.
2182 1503 2264 1535 1648

126 1542 422 1585 caesaraugustan.
558 1544 752 1576 Franciseus
776 1545 816 1576 de
841 1545 969 1583 Agurto
994 1545 1155 1577 Uticen.
1186 1547 1267 1577 1606

124 1586 305 1622 calaritan.
557 1588 775 1620 Sebastianus
799 1589 898 1621 Carta
922 1589 1160 1622 Madaureu.
1190 1591 1269 1622 1621

124 1630 335 1665 colimbrien.
557 1633 705 1674 Angelus
731 1633 863 1665 Pereira
887 1633 1128 1672 Martyrien.
1157 1635 1241 1666 1600

124 1675 374 1719 compostellan.
559 1677 716 1709 Nicolaus
740 1678 868 1709 French
894 1677 1065 1710 Feruen.
1094 1679 1311 1710 1652—1666

124 1718 284 1753 conchen.
558 1721 675 1753 Garcia
701 1721 861 1763 Aegidius
885 1722 1059 1763 Manrique
1086 1722 1244 1754 Uticen.
1274 1724 1357 1754 1618
1380 1741 1424 1746 —
1450 1724 1632 1756 Rodericus
1656 1723 1807 1755 Cruzado
1831 1724 2003 1756 Cavaliero
2030 1724 2198 1756 Usulen.
2227 1725 2309 1757 1652

125 1763 280 1797 Eiboren.
558 1765 820 1806 Christophorus
837 1767 878 1798 de
892 1767 967 1798 lesu
985 1766 1271 1798 Nicomedien.
1297 1768 1376 1799 1596
1394 1786 1434 1790 —-
1452 1768 1592 1800 loannes
1609 1768 1731 1800 Suarez
1748 1768 1984 1800 Madauren.
2007 1769 2089 1800 1613
2106 1788 2147 1791 -—
2166 1769 2360 1800 Emmanuel

647 1810 688 1841 ab
714 1811 850 1851 Angelis
875 1811 1040 1842 Fessen.
1072 1812 1149 1842 1621
1178 1829 1220 1833 -—
1245 1811 1378 1843 Gabriel
1402 1813 1444 1843 ab
1470 1812 1731 1844 Annuntiatione
1755 1813 1921 1844 Fessen.
1951 1813 2034 1844 1640

125 1852 278 1887 Gadicen.
558 1854 712 1894 Aloysius
737 1855 777 1885 de
802 1855 963 1894 Camargo
987 1854 1229 1886 Centurien.
1261 1856 1340 1887 1622

125 1896 303 1931 cranaten.
557 1898 689 1930 Blasius
715 1899 755 1930 de
771 1899 875 1931 Tineo
899 1899 1221 1940 Thermopylen.
1250 1900 1334 1931 1636
1359 1918 1402 1923 —
1426 1900 1572 1932 Thomas
1597 1901 1638 1932 de
1655 1901 1800 1932 Paredes
1824 1900 2248 1941 Claudianopolitan.
2279 1901 2360 1933 1652

125 1940 293 1984 Hispalen.
558 1942 699 1974 Ioannes
716 1944 757 1974 de
775 1943 806 1974 la
822 1944 877 1975 Sal
896 1943 1133 1984 Hipponen.
1162 1944 1245 1975 1603
1270 1963 1312 1967 -
1338 1944 1530 1984 Alphonsus
1546 1944 1694 1977 Godinez
1712 1945 1872 1976 Uticen.
1902 1945 1985 1976 1629
2009 1963 2050 1968 -—
2074 1945 2215 1977 Ioannes
2233 1945 2360 1985 Arroyo

647 1987 806 2019 Uticen.
837 1988 920 2019 1654
942 2006 987 2011 —
1011 1987 1154 2019 Didacus
1178 1988 1219 2019 de
1243 1987 1359 2020 Gatica
1386 1989 1542 2020 Uticen.
1573 1990 1654 2021 1658

124 2028 241 2063 Paeen.
557 2031 787 2063 Ferdinandus
812 2033 853 2063 de
870 2032 954 2063 Vera
979 2031 1146 2072 Bugien.
1176 2032 1260 2064 1614

122 2072 300 2115 Seguntin.
557 2075 752 2107 Timotheus
778 2076 878 2107 Perez
902 2076 1168 2116 Aspahanen.
1197 2077 1413 2108 1633—1639

123 2116 341 2151 Tarraconen.
557 2120 699 2152 Ioannes
723 2120 885 2152 Estelrich
910 2121 1140 2161 Dragonen.
1170 2121 1252 2152 1659

121 2160 271 2195 Toletum.
558 2164 717 2196 Melchior
740 2164 781 2196 de
805 2164 901 2196 Soria
924 2164 1146 2196 Troianen.
1175 2166 1257 2197 1602
1287 2184 1329 2188 —
1358 2165 1498 2197 Ioannes
1523 2165 1563 2196 de
1589 2165 1790 2197 Avellaneda
1815 2165 1985 2206 Maurique
2009 2165 2176 2197 Sidonien.
2205 2167 2284 2197 1611
2318 2185 2358 2187 ῌ

646 2209 839 2249 Alphonsus
871 2209 912 2240 de
945 2208 1141 2249 Requesens
1176 2209 1383 2241 Rosanen.
1422 2210 1636 2241 1621—1625
1670 2228 1712 2232 --
1747 2209 1942 2241 Franciscus
1975 2209 2174 2241 Maidonado
2207 2210 2358 2242 Sirien.

649 2253 731 2284 1626
760 2271 803 2276 —
833 2253 972 2285 Michael
996 2253 1135 2284 Avellan
1160 2253 1311 2286 Sirien.
1342 2254 1423 2286 1633
1447 2272 1490 2276 —
1514 2253 1711 2285 Timotheus
1736 2254 1835 2285 Perez
1862 2254 2047 2294 Lystren.
2078 2254 2289 2286 1639-1651
2318 2273 2359 2276 -

645 2296 660 2313 *
681 2297 818 2329 1111011301
843 2297 884 2329 de
906 2297 1031 2329 Orozco
1048 2297 1240 2328 Temnen.
1273 2298 1352 2329 1642
1377 2316 1419 2320 —
1443 2297 1637 2330 Franciscus
1661 2298 1702 2329 de
1720 2298 1947 2338 Villagutierre
1963 2298 2180 2330 Troianen.
2209 2298 2292 2330 1646
2317 2317 2357 2320 —

647 2342 830 2373 Rodericus
855 2341 896 2372 de
921 2341 1054 2373 Mandia
1077 2343 1110 2373 et
1135 2341 1241 2382 Parga
1265 2342 1415 2374 Sirien.
1445 2343 1526 2374 1652
1556 2360 1598 2365 -
1630 2342 1765 2374 Michael
1791 2343 1890 2374 Perez
1913 2343 1953 2374 de
1977 2342 2129 2374 Cavallos
2155 2343 2357 2374 Arcadio-

646 2385 820 2426 politan.
851 2386 934 2417 1660
958 2403 1001 2408 —
1025 2385 1213 2417 Ludovicus
1237 2387 1278 2417 de
1302 2386 1441 2418 Morales
1466 2386 1685 2418 Troianen.
1714 2387 1794 2418 1661

124 2426 291 2460 valentin.
558 2429 750 2470 Alphonsus
768 2430 808 2461 de
827 2429 949 2461 Avalos
966 2429 1166 2461 Coronen.
1193 2430 1276 2461 1598
1301 2449 1343 2453 —
1368 2430 1511 2462 Thomas
1529 2431 1569 2462 de
1586 2430 1732 2471 Epinosa
1749 2431 2022 2462 Marochitan.
2045 2432 2127 2463 1606
2153 2449 2194 2453 -—
2218 2431 2358 2463 Michael

645 2474 685 2505 de
704 2474 834 2514 Angulo
852 2473 1002 2514 Cau-vajal
1020 2474 1223 2506 Coronen.
1246 2475 1328 2506 1610
1350 2492 1391 2497 —
1410 2475 1615 2515 Hyacinthus
1632 2475 1794 2506 Minuarte
1811 2475 2018 2507 Maronen.
2039 2476 2121 2507 1639
2139 2494 2180 2498 —
2198 2475 2358 2516 Iosephus

644 2517 790 2549 Barbera
813 2518 1018 2549 Maronen.
1049 2519 1125 2549 1661

123 2557 319 2595 Ulixbonen.
555 2561 700 2593 Thomas
725 2562 766 2593 de
783 2561 878 2593 Faria
893 2562 1063 2602 Targen.
1092 2562 1174 2593 1616
1199 2581 1241 2585 —
1266 2562 1394 2603 Gaspar
1411 2563 1452 2594 de
1470 2563 1560 2603 Rego
1578 2566 1610 2595 et
1627 2564 1774 2595 Fonseca
1790 2564 1960 2603 Targen.
1989 2564 2072 2595 1632
2098 2583 2135 2586 Η
2164 2563 2358 2596 Franciscus

644 2607 685 2638 de
710 2607 906 2645 Sotomayor
930 2606 1099 2646 Targen.
1128 2607 1212 2638 1636

1063 2702 1128 2736 111.
1158 2702 1205 2736 In
1229 2702 1367 2737 Gallia.

121 2769 362 2804 claromontan.
554 2773 696 2804 loannes
721 2774 762 2804 de
786 2773 973 2805 Mallevuud
997 2773 1203 2805 Aulonen.
1233 2774 1316 2806 1648

122 2812 315 2856 Lugdunen.
554 2816 722 2848 Robertus
748 2817 919 2849 Bartholot
943 2817 1181 2849 Damascen.
1211 2818 1288 2849 1601

121 2857 237 2891 neten.
556 2861 715 2892 Nicolaus
739 2861 929 2893 Coeffeteau
954 2861 1208 2894 Dardanien.
1237 2862 1319 2893 1617
1346 2880 1387 2884 —
1412 2862 1602 2903 Stephanus
1626 2862 1667 2894 de
1687 2862 1792 2903 Puget
1816 2863 2067 2894 Dardanien.
2098 2864 2179 2895 1623
2204 2882 2246 2887 —-
2270 2864 2356 2895 Mar-

642 2905 734 2937 tinus
758 2906 919 2937 Meurisse
943 2905 1178 2937 Madauren.
1210 2906 1290 2937 1628
1315 2924 1356 2928 —-
1383 2906 1502 2938 Petrus
1527 2907 1568 2937 de
1592 2906 1752 2938 Bedacier
1776 2907 2146 2948 Augustopolitan.
2177 2909 2258 2939 1649

79 3008 100 3040 ι)
120 3007 288 3037 Huiusmodi
307 3009 447 3044 appendix
469 3010 595 3037 continet
614 3011 725 3037 tantum
746 3010 860 3038 nomina
882 3010 993 3038 illorum
1010 3010 1218 3046 episcoporum.
1238 3010 1285 3045 qui
1306 3010 1334 3037 111
1355 3009 1406 3038 1100
1428 3010 1569 3038 volumine
1588 3014 1748 3038 occurrunt.
