2528 3444
243 231 269 261 X

266 337 385 365 nomin.
414 345 437 365 r.
466 336 545 365 cath.
575 349 602 363 Σ
631 337 815 366 nominatur
840 345 859 365 a
887 344 962 373 rege
991 336 1143 366 catholico
1172 335 1253 371 (scil.

347 380 537 417 Hispaniae)

267 425 385 453 nomin.
410 433 434 453 r.
458 429 515 452 x¹¹¹⁰
542 437 569 451 Σ
596 425 780 453 nominatur
802 433 820 453 a
844 432 919 461 rege
945 423 1209 452 christianissimo
1236 421 1316 458 (scil.

348 468 486 504 Galliae)

267 516 328 542 not.
355 527 383 540 Σ
410 514 553 542 notarius

265 559 352 586 nunt.
380 570 407 583 Σ
434 557 565 586 nuntius
589 556 782 592 apostolicus
810 555 882 591 (seu
907 554 1029 583 Summi
1054 552 1232 589 Pontificis)

266 604 316 632 ob.
344 617 371 630 Σ
400 604 506 633 obitus
531 603 581 632 vel
606 603 685 632 obiit

264 647 299 676 O.
322 647 354 676 C.
376 647 405 676 S.
430 647 510 684 Aug.
535 660 562 673 Σ
586 646 715 676 Ordinis
738 645 970 674 Canonicorum
991 644 1198 681 Regularium
1211 642 1315 672 Sancti

346 690 515 727 Augustini

293 757 298 762 .
323 734 426 763 Carm.
453 747 480 760 Σ
506 734 634 762 Ordinis
660 733 804 761 Fratrum
830 732 1074 761 Carmelitarum

291 800 297 806 .
321 777 424 806 Carm.
448 778 531 806 Disc.
556 790 583 803 Σ
607 777 736 806 Ordinis
758 777 904 805 Fratrum
928 775 1174 805 Carmelitarum
1198 774 1316 803 Discal-

344 824 505 851 ceatorum

292 889 298 894 .
324 865 428 894 Carth.
456 879 483 891 Σ
509 865 639 894 Ordinis
665 864 947 893 carthusianorum

293 933 298 938 .
320 909 353 937 E.
377 909 405 937 S.
431 909 510 945 Aug.
536 922 562 935 Σ
588 908 717 937 Ordinis
740 907 951 937 Eremitarum
975 906 1081 935 Sancti
1105 906 1275 942 Augustini

324 956 362 984 M.
386 956 460 992 Cap.
486 969 512 981 Σ
537 955 666 984 Ordinis
696 955 842 984 Fratrum
875 954 1033 982 Minorum
1064 952 1315 990 Capuccinorum

324 1000 362 1029 M.
386 1000 482 1029 Conr.
507 1013 534 1026 Σ
559 1000 688 1028 Ordinis
705 999 850 1028 Fratrum
874 999 1030 1027 Minorum
1048 997 1315 1027 Conventualium

324 1045 361 1073 M.
384 1045 457 1073 Obs.
483 1058 509 1070 Σ
534 1044 663 1073 Ordinis
689 1044 835 1073 Fratrum
864 1043 1021 1072 Minorum
1045 1043 1086 1072 de
1110 1042 1315 1071 observantia

324 1089 362 1117 M.
385 1089 453 1118 Ref.
479 1102 505 1115 Σ
530 1089 659 1118 Ordinis
690 1089 834 1117 Fratrum
870 1088 1026 1116 Minorum
1057 1086 1314 1116 Reformatorum

343 1134 382 1163 de
406 1134 611 1162 observantia

324 1181 415 1210 Merc.
441 1194 467 1207 Σ
492 1181 621 1209 Ordinis
644 1180 676 1208 B.
704 1180 823 1209 Mariae
847 1180 886 1208 de
913 1179 1059 1208 Mercede
1083 1178 1315 1215 1edemptionis

342 1226 538 1262 captivorum

325 1273 443 1301 Minim.

344 1317 441 1345 Paula

291 1383 297 1388 .
322 1361 353 1388 P.
379 1373 406 1386 Σ
431 1360 561 1389 Ordinis
585 1360 728 1388 Fratrum
755 1359 1012 1388 Praedicatorum

291 1427 296 1432 .
323 1404 446 1432 Praem.
474 1417 500 1429 Σ
528 1404 657 1432 Ordinis
684 1403 1009 1432 Praemonstratensis

291 1470 296 1475 .
319 1447 347 1476 S.
370 1447 402 1475 B.
427 1460 453 1473 Σ
477 1447 608 1476 Ordinis
629 1447 734 1475 Sancti
755 1446 919 1475 Benedicti

289 1513 295 1519 .
319 1491 346 1520 S.
370 1491 440 1520 Bas
464 1504 491 1517 Σ
515 1491 644 1520 Ordinis
665 1489 771 1519 Sancti
792 1489 904 1519 Basilii
928 1490 1034 1527 Magni

321 1536 349 1564 S.
379 1535 416 1563 M.
443 1549 470 1561 Σ
497 1535 626 1564 Ordinis
649 1536 819 1563 Servorum
848 1534 969 1563 Mariae

291 1603 296 1608 .
314 1579 397 1608 Trin.
417 1592 444 1605 Σ
464 1579 593 1607 Ordinis
609 1579 834 1607 Sanctissimae
851 1578 1016 1607 Trinitatis
1032 1578 1072 1607 de
1090 1578 1311 1614 redemptione

342 1624 537 1659 captivorum

262 1677 328 1705 par.
352 1670 424 1699 eccl.
451 1669 476 1695 Σ
504 1668 693 1706 paroecialis
713 1669 850 1699 ecclesia

262 1715 341 1749 patr.
366 1727 393 1740 Σ
419 1713 600 1750 patriarcha

265 1757 331 1793 pbr.
357 1770 382 1783 Σ
410 1758 578 1793 presbyter

262 1809 351 1837 pens.
379 1815 405 1827 Σ
433 1802 547 1837 pensio

261 1848 378 1883 poenit.
408 1861 434 1874 Σ
462 1849 728 1884 poenitentiarius

262 1898 346 1927 poss.
373 1905 399 1917 Σ
426 1891 590 1927 possessio

260 1935 375 1971 postul.
399 1948 426 1961 Σ
452 1935 623 1971 postulatio
644 1935 695 1964 vel
716 1935 896 1972 postulatur

262 1982 363 2017 praef.
391 1995 417 2008 Σ
444 1982 626 2018 praefectus

261 2026 359 2060 prael.
383 2026 465 2054 dom.
491 2039 517 2052 Σ
542 2026 706 2062 praelatus
728 2026 921 2055 domesticus
943 2026 1064 2055 Summi
1089 2026 1252 2056 Pontificis

262 2077 408 2105 praepos.
435 2082 461 2095 Σ
488 2070 690 2105 praepositus
713 2070 764 2099 vel
787 2071 1011 2106 praepositura

261 2114 420 2148 praesent.
449 2126 476 2139 Σ
505 2115 728 2149 praesentatur
754 2114 804 2143 vel
830 2115 1047 2150 praesentatio

262 2158 420 2191 praesent.
448 2165 469 2184 r.
494 2157 573 2185 cath.
602 2170 628 2183 Σ
656 2159 880 2193 praesentatur
905 2166 923 2187 a
947 2166 1022 2194 rege
1049 2158 1202 2187 catholico
1229 2157 1309 2194 (scil.

341 2199 530 2236 Hispaniae)

479 1286 505 1288 Σ
540 1273 670 1302 Ordinis
709 1272 911 1301 Minimorum
943 1271 1049 1300 Sancti
1082 1271 1242 1299 Francisci
1274 1270 1313 1298 de

259 1360 296 1608 000000
263 1273 297 1302 ρ
262 1181 295 1209 9
261 865 297 1118 φρρροο
263 734 288 806 00

581 2321 618 2362 b)
647 2321 1031 2353 Abbreviationes
1060 2323 1309 2354 nonnullor

259 2399 283 2419 c.
307 2391 382 2420 decr
385 2413 508 2420 .....
533 2392 608 2428 erig.
633 2393 727 2421 mont.
750 2393 825 2428 piet.
851 2406 877 2419 Σ
905 2401 974 2421 cum
998 2393 1136 2429 decreto,
1159 2394 1245 2430 quod
1267 2393 1308 2422 ad

339 2437 570 2472 praescriptum
611 2435 743 2465 Concilii
781 2437 960 2466 Tridentini
1001 2439 1139 2466 montem
1180 2439 1309 2474 pietatis

338 2479 448 2515 erigat.

278 2545 283 2550 .
307 2522 382 2551 decr
385 2545 511 2551 .....
535 2524 612 2560 erig.
635 2532 713 2552 sem.
737 2537 765 2550 Σ
791 2533 860 2553 cum
885 2525 1022 2560 decreto,
1045 2525 1131 2562 quod
1153 2526 1193 2555 ad
1217 2534 1308 2562 prae-

338 2567 487 2602 scriptum
517 2566 647 2595 Concilii
674 2567 852 2596 Tridentini
879 2570 1088 2598 seminarium
1114 2570 1225 2606 erigat.

258 2617 283 2637 c.
303 2609 379 2638 decr
382 2631 506 2638 .....
527 2611 602 2647 erig.
622 2610 717 2639 theol.
737 2613 768 2640 et
786 2613 904 2648 poenit.
926 2625 953 2638 Σ
975 2621 1045 2641 cum
1065 2613 1202 2649 decreto,
1221 2613 1307 2650 quod

340 2653 381 2682 ad
424 2655 654 2690 praescriptum
701 2655 835 2684 Concilii
877 2656 1057 2685 Tridentini
1101 2658 1305 2694 praebendas

336 2696 549 2733 theologalem
573 2700 605 2727 et
628 2699 890 2734 poenitentialem
915 2701 1025 2737 erigat.

256 2747 282 2768 c.
304 2740 379 2769 decr
383 2763 507 2769 .....
532 2742 621 2771 instr.
645 2743 808 2778 supellect.
837 2757 864 2770 Σ
892 2752 961 2773 cuin
986 2744 1125 2780 decreto,
1148 2746 1233 2782 quod
1258 2754 1306 2775 sa-

336 2786 472 2813 crarium
494 2794 584 2815 sacra
605 2787 795 2823 supellectili
815 2787 1016 2829 sufficienter
1036 2790 1181 2819 instruat.

258 2836 282 2858 c.
302 2828 377 2857 decr
381 2851 504 2859 .....
525 2830 582 2859 loc.
603 2839 737 2860 success.
761 2845 787 2858 Σ
811 2841 880 2861 cum
902 2833 1039 2869 decreto.
1059 2835 1155 2871 quod,
1176 2835 1304 2871 quando

335 2871 435 2901 factus
466 2873 562 2903 fuerit
593 2875 679 2903 locus
711 2878 914 2914 successioni,
945 2878 1028 2907 dicta
1057 2879 1193 2909 ecclesia
1224 2880 1304 2916 (scil.

337 2918 469 2947 eeclesia
490 2919 640 2956 titularis)
664 2922 731 2957 ipso
753 2923 820 2951 iure
840 2926 927 2953 vacet
946 2926 975 2953 et
995 2933 1108 2954 vac-are
1126 2928 1303 2955 censeatur.

257 2969 282 2990 c.
304 2961 379 2990 decr
381 2985 503 2991 .....
526 2972 589 2992 non
609 2964 719 3000 pontif.
741 2966 804 2994 nisi
829 2966 890 2995 NN.
915 2980 941 2993 Σ
967 2976 1037 2996 cum
1059 2969 1198 3005 decreto,
1219 2970 1305 3007 quod

335 3013 397 3033 non
428 3008 529 3042 possit
557 3015 710 3038 exercere
738 3009 937 3045 pontificalia
966 3012 1028 3040 nisi
1056 3013 1088 3041 in
1118 3014 1244 3043 civitate
1273 3015 1305 3043 et

335 3048 474 3077 dioecesi
501 3049 562 3078 NN.
584 3051 623 3079 de
646 3051 773 3081 licentia
795 3054 937 3090 episcopi
962 3055 1041 3090 (scil.
1065 3056 1244 3093 ordinarii).

259 2531 275 2550 C

1325 229 1411 270 Sigla

1321 2333 1382 2354 um

1426 342 1510 371 proc.
1537 348 1563 361 Σ
1590 336 1778 371 procurator

1426 386 1525 414 prom.
1555 391 1582 404 Σ
1612 379 1778 414 promotus

1424 423 1505 458 prot.
1529 422 1579 451 vel
1602 422 1705 458 proth.
1730 435 1759 448 Σ
1784 423 2023 459 protonotarius

1425 473 1513 502 prov.
1539 479 1566 492 Σ
1593 467 1734 502 provisio
1758 467 1809 496 vel
1832 468 1980 503 provisus

1426 512 1483 541 ref.
1509 526 1536 539 Σ
1562 513 1805 542 referendarius

1426 563 1490 592 reg.
1518 569 1545 583 Σ
1573 557 1730 593 regularis

1426 602 1550 628 renunt.
1575 613 1602 626 Σ
1629 601 1831 630 renuntiatur
1853 601 1903 630 vel
1927 602 2121 630 renuntiatis,

1426 651 1544 672 reserv.
1573 657 1599 670 Σ
1630 645 1805 673 reservatio
1831 644 1881 674 vel
1907 647 2093 674 reservatur

1427 695 1487 715 res.
1510 700 1537 713 Σ
1561 688 1734 724 resignatio

1426 733 1482 760 ret.
1508 733 1641 767 compat.
1668 745 1695 758 Σ
1723 733 1859 761 retentio
1883 733 2136 769 compatibilium

1425 777 1454 806 S.
1478 791 1505 804 Σ
1529 780 1657 808 sanctus

1425 820 1508 850 Sacr.
1534 821 1611 850 Coll.
1639 835 1666 848 Σ
1693 822 1824 851 Sacrum
1850 822 2028 860 Collegium
2055 823 2098 859 (S.
2124 823 2158 852 R.
2183 823 2217 856 Ε,
2243 823 2478 861 Cardinalium)

1424 864 1508 893 Sacr.
1533 865 1646 902 Congr.
1670 865 1806 895 Consist.
1832 880 1859 893 Σ
1885 866 1982 896 Sacra
2004 867 2216 904 Congregatio
2241 867 2480 898 Consistorialis

1425 907 1508 937 Sacr.
1534 908 1647 945 Congr.
1674 909 1765 946 Prop.
1792 923 1819 936 Σ
1845 910 1942 940 Sacra
1967 910 2178 948 Congregatio
2202 911 2242 941 de
2269 911 2480 949 Propaganda

1505 953 1583 982 Fide
1806 979 1809 981 ,

1425 996 1510 1028 Sacr,
1536 997 1592 1027 uit.
1616 998 1729 1034 (fougr.
1755 1011 1782 1024 Σ
1807 999 1975 1028 Sacrorum
1996 1000 2125 1029 Rituum
2148 1001 2360 1038 Congregatio

1425 1043 1501 1070 scut.
1522 1054 1549 1067 Σ
1570 1043 1731 1071 scutorum

1423 1094 1502 1116 secr.
1528 1099 1555 1112 Σ
1582 1087 1776 1116 secretarius

1424 1129 1496 1158 Sed.
1518 1130 1627 1166 Apost.
1651 1144 1677 1157 Σ
1700 1131 1802 1160 Sedes
1823 1131 2007 1169 Apostolica

1425 1183 1491 1203 sen.
1515 1188 1542 1201 Σ
1567 1176 1706 1204 senescit

1424 1218 1452 1246 S.
1473 1219 1496 1248 I.
1519 1232 1546 1245 Σ
1567 1218 1736 1249 Societatis
1757 1220 1831 1249 Iesu

1423 1264 1452 1294 S.
1473 1266 1535 1295 Off.
1560 1279 1587 1292 Σ
1613 1266 1770 1303 Suprema
1793 1267 1887 1297 Sacra
1910 1268 2122 1306 Congregatio
2144 1269 2251 1299 Sancti
2272 1269 2380 1300 Officii

1423 1309 1452 1338 S.
1477 1310 1511 1338 R.
1536 1310 1569 1339 E.
1596 1324 1622 1337 Σ
1650 1312 1764 1340 Sancta
1788 1312 1930 1341 Romana
1955 1312 2095 1342 Ecclesia

1423 1354 1452 1382 S.
1477 1354 1506 1382 S.
1534 1367 1560 1380 Σ
1588 1355 1651 1383 Sua
1676 1354 1832 1384 Sanctitas

1424 1396 1506 1425 S.¹¹¹¹¹⁵
1532 1399 1566 1427 l).
1594 1399 1625 1429 N.
1649 1412 1675 1424 Σ
1702 1399 1929 1429 Sanctissimus
1954 1401 2110 1430 Dominus
2130 1405 2239 1431 noster

1423 1444 1565 1473 subdiac.
1594 1458 1621 1470 Σ
1650 1445 1866 1474 subdiaconus

1423 1487 1514 1516 suffr.
1543 1501 1569 1514 Σ
1599 1487 1878 1525 suffraganeus(a)
1906 1490 2077 1525 episcopus
2102 1490 2153 1518 vel
2179 1489 2316 1520 ecclesia

1422 1531 1507 1560 Sum.
1530 1532 1617 1561 Pont.
1641 1545 1667 1558 Σ
1691 1532 1841 1561 Summus
1861 1532 2009 1562 Pontifex

1424 1576 1556 1613 supplic.
1588 1585 1612 1605 r.
1646 1577 1753 1605 Polon.
1787 1591 1814 1604 Σ
1849 1578 2047 1614 supplicatur
2077 1587 2095 1607 a
2128 1587 2203 1616 rege
2236 1578 2388 1609 Poloniae
2419 1587 2478 1609 seu

1502 1621 1691 1657 supplicatio
1715 1622 1800 1658 regis
1825 1622 1976 1651 Poloniae

1422 1667 1565 1696 Theatin.
1594 1682 1621 1694 Σ
1649 1668 1778 1698 Ordinis
1804 1668 1998 1698 Clericorum
2024 1669 2231 1707 Regularium
2257 1670 2351 1707 vulgo
2376 1670 2478 1700 Thea-

1501 1713 1638 1740 tinorum

1422 1754 1560 1784 thesaur.
1586 1769 1613 1782 Σ
1639 1756 1860 1786 thesaurarius

1422 1799 1466 1828 t-n.
1492 1812 1518 1825 Σ
1545 1799 1682 1829 titularis

1422 1844 1458 1871 tr.
1484 1856 1511 1869 Σ
1538 1843 1711 1872 translatus
1735 1844 1786 1873 vel
1809 1845 1976 1873 translatio

1422 1887 1453 1916 tt.
1478 1900 1504 1913 Σ
1529 1887 1639 1916 titulus

1421 1936 1479 1963 utr.
1508 1935 1587 1971 sign.
1614 1934 1672 1964 ref.
1702 1949 1729 1961 Σ
1759 1937 1926 1972 utriusque
1953 1936 2143 1974 Signaturae
2170 1937 2413 1968 referendarius

1423 1986 1486 2006 vac.
1511 1991 1536 2004 Σ
1561 1982 1648 2008 vacat
1672 1980 1720 2008 vel
1745 1988 1862 2009 vacans

1422 2022 1511 2050 valor
1530 2031 1602 2051 aun.
1624 2023 1661 2051 fr.
1684 2031 1783 2053 mens.
1804 2024 1908 2061 epalis
1930 2038 1957 2051 Σ
1982 2025 2072 2053 valor
2091 2033 2218 2055 annuus
2238 2025 2372 2056 actualis
2392 2024 2476 2056 fruc-

1500 2068 1587 2095 tuum
1608 2075 1739 2097 mensae
1759 2069 1951 2105 episcopalis

1423 2111 1491 2139 Vat.
1510 2112 1575 2142 Lat.
1594 2125 1620 2138 Σ
1641 2113 1741 2141 codex
1762 2113 1934 2143 Vaticanus
1955 2115 2085 2143 Latinus
2102 2115 2320 2145 Bibliothecae
2340 2115 2474 2153 Aposto-

1499 2155 1579 2185 licae
1605 2156 1778 2186 Vaticanae

1419 2199 1476 2228 vic.
1499 2208 1570 2236 gen.
1597 2214 1623 2226 Σ
1650 2201 1788 2231 vicarius
1809 2202 1972 2238 generalis

1415 2324 1703 2356 decretorum
1733 2324 2153 2357 Consistorialium.

1419 2402 1442 2425 c.
1463 2394 1538 2423 decr
1541 2417 1665 2423 .....
1685 2403 1748 2424 non
1769 2396 1864 2425 resid.
1887 2409 1914 2422 Σ
1937 2404 2006 2425 cum
2027 2397 2166 2432 decreto,
2186 2398 2272 2434 quod
2291 2398 2333 2427 ad
2353 2398 2470 2429 dictam

1497 2438 1665 2468 ecclesiam
1697 2440 1777 2474 (scil.
1806 2440 1975 2469 ecclesiam
2005 2441 2193 2478 titularem),
2221 2442 2323 2472 donec
2350 2443 2392 2472 ab
2421 2443 2471 2473 In-

1496 2481 1650 2512 fidelibus
1675 2483 1867 2519 detineatur,
1892 2485 2056 2519 accedere,
2081 2487 2112 2514 et
2137 2485 2223 2522 apud
2249 2486 2336 2516 illam
2361 2495 2472 2524 perso-

1496 2526 1612 2555 naliter
1632 2527 1786 2558 residere.
1808 2528 1939 2557 minime
1961 2529 2117 2558 teneatur.

1417 2596 1439 2616 c.
1463 2588 1538 2617 decr
1541 2610 1668 2617 .....
1690 2589 1771 2625 prof.
1795 2589 1873 2618 fidei
1899 2590 1988 2625 (ante
2011 2598 2105 2625 cons,
2128 2591 2212 2621 intra
2233 2592 2252 2621 6
2275 2601 2315 2621 m.
2338 2592 2411 2630 etc.)
2438 2606 2467 2620 Σ

1496 2641 1565 2661 cum
1594 2633 1733 2667 decreto,
1771 2634 1856 2670 quod
1893 2636 2066 2670 antequam
2096 2637 2336 2671 possessionem
2364 2637 2469 2668 dictae

1499 2676 1654 2705 ecclesiae
1701 2678 1766 2712 (rel
1808 2680 1882 2707 ante
1928 2680 2215 2716 consecrationem)
2262 2681 2468 2718 adipiscatur,

1495 2721 1643 2749 teneatur
1670 2721 1905 2756 professionem
1934 2721 2013 2751 fidei
2041 2723 2147 2752 denuo
2176 2725 2334 2760 emittere,
2362 2726 2394 2755 et
2422 2726 2469 2754 in-

1494 2765 1705 2792 strumentum
1727 2765 1814 2794 illius
1835 2767 2072 2802 quamprimum
2098 2767 2163 2802 (vel
2176 2768 2258 2797 intra
2269 2777 2327 2797 sex
2339 2777 2468 2799 menses

1494 2807 1565 2843 etc.)
1593 2808 1633 2836 ad
1660 2807 1786 2837 Curiam
1814 2809 1988 2838 Romanam
2015 2812 2240 2840 transmittere.

1415 2875 1439 2895 c.
1462 2866 1538 2896 decr
1540 2890 1659 2896 .....
1682 2868 1763 2905 prof.
1785 2869 1863 2899 fidei
1885 2872 1917 2900 et
1938 2871 2049 2900 iuram.
2073 2871 2159 2901 fidel.
2184 2886 2210 2899 Σ
2236 2875 2270 2903 ut
2290 2882 2387 2911 supra
2408 2875 2467 2905 sed

1492 2911 1594 2948 legas:
1622 2912 1857 2948 professionem
1885 2913 1963 2943 fidei
1990 2917 2021 2944 et
2047 2916 2262 2946 iuramentum
2291 2917 2466 2949 fidelitatis.

1413 2980 1436 3001 c.
1456 2972 1532 3001 decr
1534 2995 1655 3003 .....
1676 2982 1780 3011 repar.
1801 2975 1940 3005 cathedr.
1962 2990 1990 3003 Σ
2013 2986 2082 3006 cum
2103 2978 2241 3015 decreto,
2261 2980 2348 3016 quod
2367 2980 2466 3009 eccle-

1492 3017 1559 3046 siae
1593 3018 1785 3048 cathedralis
1819 3022 2014 3056 reparationi
2047 3030 2105 3058 pro
2138 3024 2262 3053 viribus
2294 3025 2465 3057 incumbat.

1492 3061 1562 3090 eius
1583 3062 1809 3092 conscientiam
1831 3064 1863 3092 in
1883 3064 1941 3094 hoc
1961 3066 2135 3095 onerando.
